2700 4822
148 390 194 473 'lo
390 391 424 452 r.
448 388 679 451 vinornn
704 389 934 456 Minonis

149 516 257 596 Quem
265 511 565 597 circumglomerati
573 510 698 590 hostes,
710 511 787 576 hinc
797 514 981 579 comminus
990 531 1090 604 atque
1099 515 1235 586 bineli«

150 618 347 684 Proturbant
359 640 365 679 :
379 617 476 680 instat
487 639 555 680 non
567 617 688 694 secius,
703 640 741 681 ao
753 635 838 682 rotat
850 640 963 685 ensem

151 725 375 801 Fulminenm3
389 719 495 786 donec
508 722 620 785 Rutuli
632 723 800 787 clamantis
814 725 847 789 in
861 748 918 789 ore

150 827 306 893 Condidit
318 826 470 903 adverso,
485 842 517 890 et
530 828 672 891 moriens
685 828 827 893 animam
840 829 974 895 abstulit
985 831 1082 899 hosti

148 935 237 997 Tum
250 954 349 1019 super
361 931 542 995 exanimem
555 953 626 995 sese
639 932 778 1021 projecit
789 935 931 998 amicum

148 1040 342 1115 Confessus,
356 1035 551 1125 placidaque
563 1036 608 1100 ibi
622 1035 755 1101 domum
767 1057 874 1104 morte
886 1042 1020 1129 quievit.
1145 1054 1192 1114 445

193 1143 362 1208 Fortunati
374 1141 486 1206 ambo!
500 1142 527 1205 si
539 1140 620 1229 quid
632 1165 706 1207 mea
718 1145 861 1209 carmina
873 1164 1025 1233 possunt,

146 1250 243 1317 Nulla
256 1248 326 1313 dies
338 1270 485 1335 unquam
497 1249 637 1311 memori
652 1271 709 1313 voe
721 1251 840 1314 eximet
852 1273 937 1330 aevn,

146 1359 236 1421 Dum
248 1354 365 1418 domus
379 1356 488 1417 AEneae
500 1353 640 1441 Capitoli
654 1355 812 1419 inmobile
824 1379 937 1421 saxum

147 1462 300 1538 Adcolet‚
314 1459 558 1547 imperiumque
571 1477 664 1548 pater
677 1463 844 1527 llomanus
856 1461 1001 1529 habebit.

190 1567 339 1631 Victores
351 1562 462 1651 praeda
474 1565 588 1627 Ilutuli
601 1566 781 1654 spoliisque
794 1568 904 1654 potiti,
1146 1582 1190 1640 450

146 1673 358 1737 Volscentesn
372 1670 558 1733 exanimum
571 1670 688 1734 flentes
700 1671 734 1732 in
747 1688 849 1735 eastra
863 1672 1022 1737 ferebant.

145 1784 216 1848 Nee
227 1781 336 1844 minor
347 1779 381 1840 in
394 1777 506 1841 castris
518 1777 640 1857 luctus,
655 1778 837 1843 Rhamnete
850 1797 982 1869 reperto

147 1886 326 1975 Exsangui,
339 1901 372 1948 et
384 1884 498 1972 primis
510 1906 576 1947 una
588 1900 637 1947 tot
649 1881 739 1948 eaede
751 1885 921 1972 peremtio,

176 2093 231 2151 lb·
248 2089 387 2137 Perturbunt
403 2087 470 2135 multi
489 2088 590 2134 Pierian.
613 2100 636 2134 et
658 2089 738 2136 Heius.
759 2090 827 2138 male.
844 2106 889 2137 non
903 2094 992 2156 seqm'us
1007 2091 1123 2141 editiones
1137 2098 1190 2143 ante

146 2166 267 2213 Heinsiurn
277 2174 300 2208 ot
311 2160 400 2223 aliquot
418 2158 501 2212 codd,
520 2160 581 2204 inter
597 2174 656 2222 quos
671 2161 741 2206 Goth.
760 2178 795 2223 pr.
813 2162 889 2224 Major
907 2174 984 2208 tamen
996 2172 1020 2208 et
1036 2163 1122 2212 melior
1138 2181 1189 2229 part

145 2250 192 2282 mn
199 2236 271 2278 serim
279 2229 317 2277 vel
326 2232 407 2283 setius,
417 2241 443 2273 ut
452 2230 518 2272 Rom.
526 2228 612 2274 Medic.
623 2241 646 2275 et
656 2229 695 2275 alii
704 2232 796 2286 Heius,
808 2231 845 2277 vel
855 2234 943 2287 sotius,
957 2245 983 2277 ut
992 2249 1028 2295 pr.
1038 2234 1137 2281 Mentel.
1147 2236 1190 2282 Ea·

147 2304 201 2351 dem
213 2302 325 2363 scriptura
337 2312 359 2345 et
368 2300 466 2345 varietas
476 2297 532 2342 alibi
542 2302 644 2345 occurrit
654 2316 660 2345 ι
672 2300 702 2345 cf.
712 2300 736 2345 h.
745 2300 761 2346 l.
772 2302 850 2348 lirina.
861 2315 884 2348 et
893 2318 944 2364 sup.
958 2302 1025 2359 adv,
1036 2302 1089 2349 862¹.
1103 2304 1146 2351 G'e.
1157 2306 1189 2361 ll,

147 2372 254 2436 277.111,
267 2369 311 2431 367
324 2380 348 2414 et
359 2367 388 2413 el.
401 2382 447 2411 min
462 2370 533 2413 serius
549 2370 630 2415 Frano.
643 2378 701 2415 rotet
709 2372 774 2417 Leid.
786 2398 818 2408 -
829 2371 883 2429 444.
895 2376 1023 2418 exanimum
1033 2374 1103 2420 codd.
1116 2375 1189 2438 pleri·
1209 2411 1213 2419 .

146 2458 210 2509 que:
225 2442 255 2488 ef.
268 2441 298 2485 ad
310 2440 349 2495 lv,
366 2439 388 2483 8.
405 2440 501 2485 Praelert
512 2439 629 2503 vulgatum
643 2444 762 2500 lloinsius3
779 2445 809 2491 ob
822 2446 950 2491 suaviorem
966 2458 1062 2501 sonum,
1080 2459 1147 2509 puto.
1159 2470 1190 2482 -

145 2517 200 2574 445.
213 2513 320 2574 Oonfixus
329 2509 426 2556 Dortill.
441 2526 493 2556 am.
504 2526 550 2557 sec.
561 2513 604 2558 Vir
615 2514 697 2560 doctus
710 2532 746 2577 ap.
760 2516 838 2562 Burin.
853 2520 915 2580 conj.
923 2515 1019 2579 phelti,
1029 2517 1095 2580 quod
1104 2518 1190 2564 arridet

145 2589 287 2633 Bormanon.
299 2607 329 2619 -
341 2581 395 2639 446.
407 2591 499 2644 possent
513 2583 580 2628 Goth.
594 2597 647 2630 tert.
660 2585 732 2642 male;
747 2588 808 2634 idem
821 2606 842 2634 v.
856 2587 900 2649 447
914 2586 985 2632 Nulla
995 2588 1054 2644 dies,
1067 2606 1188 2655 nunquam.

145 2657 199 2715 4⁵1.
210 2657 333 2702 exanimem
342 2655 408 2699 Rom.
420 2668 443 2700 et
452 2653 562 2710 borsili,
577 2656 626 2702 bini
637 2656 706 2704 Goth.
716 2660 764 2705 vid.
778 2660 848 2706 modo
857 2676 878 2707 v.
889 2659 943 2717 444.
953 2686 984 2696 -
993 2660 1047 2716 452.
1057 2663 1108 2707 Nec
1118 2665 1190 2708 mistus

144 2744 181 2791 pr.
193 2723 302 2772 llottend.
314 2748 346 2759 -
356 2724 409 2780 453.
426 2726 535 2770 Exaru'mt'
548 2727 589 2771 Ed.
604 2728 662 2773 Ven.

147 2910 206 2963 sqq.
215 2889 290 2942 Adde
298 2889 423 2961 Apollon.
432 2893 481 2956 Ill,
495 2893 559 2962 1398
568 2912 643 2965 seqq.
694 2896 767 2947 mites
790 2916 844 2947 noa
866 2897 1066 2967 aaeepemabitur
1088 2900 1192 2951 umbras

146 2969 385 3037 νοηιιε444445.
396 2971 516 3040 praeclari
529 2974 644 3038 etfaoto,
692 2973 844 3043 Euryalus,
873 2975 1039 3046 Pbrjtyiique
1072 2977 1193 3029 adsuitur

147 3064 174 3103 et
189 3049 330 3101 verborum
345 3049 443 3102 dilectu
456 3074 461 3102 :
483 3071 554 3103 nunc
574 3055 643 3104 enirn
690 3050 777 3123 910n'a
789 3053 854 3103 Nisi.
865 3054 896 3102 Et
907 3054 939 3105 de
950 3056 1092 3126 Hypsipyle
1102 3056 1190 3109 Valer.

145 3127 492 3199 reetememoratuplacida
509 3149 596 3194 mors,
618 3145 644 3183 et
692 3131 779 3184 Flauo.
807 3134 846 3196 11,
873 3133 1035 3199 242-246.
1060 3134 1192 3206 Splendor

145 3206 315 3281 quiescerem
327 3209 405 3259 amici
418 3209 573 3282 complexu,
583 3210 645 3264 Vol·
694 3222 782 3263 autem
792 3224 818 3265 et
830 3212 936 3282 pondus
947 3215 975 3265 in
988 3218 1152 3275 ornamentis
1162 3234 1191 3269 ae

145 3299 236 3339 scente
249 3304 325 3337 casso.
692 3290 789 3343 verbis.
801 3291 893 3344 domus
903 3295 1090 3366 AErteoe„gens
1104 3297 1191 3361 lulio,

182 3364 330 3435 446-449.
338 3364 583 3437 splendidissimum
591 3370 645 3439 epi·
693 3384 752 3434 out,
773 3371 844 3441 quod
863 3375 949 3425 miuus
962 3375 1068 3442 malim,
1083 3380 1191 3429 omnino

144 3446 295 3521 phonerna!
310 3460 335 3498 et
351 3446 385 3499 ad
398 3449 595 3500 miserationem
606 3449 644 3501 al-
693 3448 810 3520 populus
831 3451 973 3503 Romanus.
995 3453 1132 3517 immobile
1151 3476 1192 3509 sa·

143 3528 199 3578 tius
211 3524 374 3596 infigendum
382 3529 484 3590 animo,
495 3527 559 3579 dum
569 3545 596 3579 se
606 3530 644 3600 ip·
692 3546 753 3590 xum
762 3550 769 3579 :
779 3531 878 3601 quippe
886 3542 1012 3583 eternum
1020 3532 1192 3603 Capitolium,

146 3624 205 3658 sum
228 3623 259 3656 ea
279 3617 379 3657 tactum
398 3604 528 3676 signifieat
548 3619 643 3677 poeta,
694 3622 720 3662 et
731 3622 797 3663 nota
807 3613 924 3664 narratio
938 3610 972 3663 de
983 3613 1111 3667 Termino
1123 3617 1193 3682 deo,

145 3684 320 3759 aptissimum.
345 3684 500 3737 sumserunt
524 3704 541 3737 a
564 3699 646 3757 poeta
694 3692 740 3760 qui
761 3693 788 3742 in
809 3691 988 3742 fundamentis
1008 3691 1136 3763 Capitolii
1152 3698 1193 3767 ja·

146 3764 207 3829 alii,
221 3781 357 3835 nonaeque
369 3762 499 3836 feliciterg
512 3767 646 3836 congessit
693 3769 795 3821 ciendis
807 3787 862 3819 non
874 3771 952 3821 cessit
967 3770 1037 3823 loeo.
1054 3777 1192 3844 paterllo-

145 3845 321 3897 imitationem
340 3842 484 3893 multorum
504 3842 598 3895 Cerda.
611 3846 645 3897 At
693 3848 1192 3921 manusestsupitercapimlinus‚non

145 3922 245 3993 tulege
258 3935 284 3974 et
296 3940 421 3992 eompara
434 3922 576 3993 preclaros
588 3943 646 3977 vor·
692 3928 844 3999 Augustus:
859 3930 880 3978 is
896 3948 951 3987 non
971 3943 1098 3985 aeternum
1114 3934 1192 3989 habi·

146 4020 191 4055 sus
208 3998 283 4053 Statii
304 4000 346 4066 X,
367 3998 450 4053 Theb.
472 4000 524 4067 443
536 4032 571 4041 -
583 4004 642 4073 dil&
693 4022 767 4062 turus
779 4021 836 4061 erat
845 4010 995 4079 imperium„

144 4102 162 4137 e
175 4080 270 4157 quibus
280 4081 431 4135 novissimi:
442 4078 562 4143 Forsitan
572 4094 644 4137 etro·
727 4084 788 4154 452.
806 4089 841 4143 of,
860 4087 937 4149 lliarl.
953 4109 985 4155 a,
995 4088 1014 4143 l.
1035 4109 1059 4141 c.
1080 4092 1134 4147 523
1151 4110 1189 4163 eq.
