2700 4822
160 406 180 452 2
405 383 441 447 P.
463 378 696 446 VlllGlLll
718 380 950 454 Manouls

158 525 272 588 magna
291 505 450 587 utrimque
466 517 583 584 strages
599 502 826 586 editur-589.
849 505 898 567 lbi
916 509 1066 570 Ascanius
1083 509 1203 574 Numa-

157 618 234 657 num
254 595 438 655 insolentius
457 614 489 653 se
507 591 677 674 jactantem
696 595 815 674 sagittae
834 597 898 657 ictu
917 598 1062 659 interficit
1075 635 1115 647 --
1131 604 1205 683 671.

156 681 317 744 Pandarus
325 697 356 742 et
363 682 608 741 Bitiassuccessu
618 680 691 740 elati
702 696 826 761 portam
839 683 1020 760 recludunt,
1033 685 1205 770 hostesque

156 770 321 832 subeuntes
335 772 455 851 ingenti
469 767 550 830 crede
562 767 744 850 propellunt
754 806 793 816 —
804 774 872 853 690.
886 775 960 853 Ejus
972 779 1015 834 rei
1027 780 1141 837 nuntio
1152 799 1206 838 ac-

155 875 260 942 cepto,
271 863 393 921 Turnus
410 880 466 940 per
483 872 607 940 portam
620 873 778 939 patentem
794 863 826 919 in
842 863 994 944 oppidum
1006 866 1205 946 irrumpit-

155 952 228 1033 733,
239 950 454 1030 Trojanosque
464 950 496 1008 in
507 948 615 1028 fugam
625 951 779 1009 convertit
787 984 826 996 -
835 972 908 1033 777:
922 953 1049 1014 tandem
1059 953 1204 1015 hostium

154 1037 358 1099 multitudine
367 1039 609 1110 circumventus,
620 1035 786 1117 paullatim
796 1038 877 1098 cedit
887 1038 925 1098 ad
934 1060 1003 1099 eam
1011 1042 1121 1122 oppidi
1131 1061 1205 1124 par-

151 1142 232 1202 tem,
249 1146 319 1208 quae
338 1124 434 1183 llurio
452 1122 714 1205 alluitur-789:
732 1139 764 1183 et
782 1139 897 1184 uteret
914 1142 1064 1202 armatus,
1080 1127 1204 1190 flumen

149 1229 298 1288 -uanans‚
314 1210 483 1272 incolumis
499 1211 537 1270 od
553 1231 626 1270 suos
640 1213 852 1272 revertitur-
862 1213 1009 1295 adfinem.

178 1399 266 1469 ³Quod
278 1401 337 1471 ipsa
348 1416 390 1451 res
400 1410 426 1451 et
438 1396 581 1468 prudentia
590 1416 650 1451 sua·
696 1401 860 1471 janisgestas
867 1413 996 1466 versatus,
1004 1402 1201 1472 occupavisset,

151 1481 215 1533 dere
227 1478 333 1542 debuit,
346 1489 375 1528 ut
391 1496 439 1546 per
453 1478 540 1527 AEneae
553 1478 649 1528 absen-
700 1479 827 1550 quicquid
843 1481 960 1531 novitate
972 1492 999 1531 et
1009 1481 1069 1531 ritae
1083 1479 1201 1535 heroicte

144 1562 216 1612 'tium
227 1559 312 1609 Latini
325 1569 349 1607 et
362 1555 452 1607 Rutuli
463 1568 649 1626 oppugnarent

149 1639 248 1692 vallum
265 1639 443 1706 Trojanorum
452 1664 470 1698 ,·
480 1633 547 1698 hoc,
571 1636 648 1704 epico

150 1737 239 1782 more,
256 1715 311 1768 dete
325 1713 399 1765 lridis
413 1733 429 1765 a
443 1715 549 1763 Junone
563 1714 648 1763 missae

148 1801 250 1851 monito
255 1797 394 1847 tribuitur:
403 1795 512 1845 Homeri
517 1793 647 1864 exemplo,

148 1897 173 1930 r.
191 1897 214 1930 c.
232 1876 308 1928 iliad.
323 1889 356 1936 ὀ,
379 1875 428 1926 166
447 1886 496 1925 etc.
510 1873 552 1924 Ad
562 1885 648 1943 poene

147 1956 288 2010 artificium
301 1952 499 2027 agnoscendum
508 1952 591 2004 Servii
599 1971 649 2004 no-

147 2036 269 2089 taiacit:
287 2035 321 2084 In
339 2033 387 2085 lroc
404 2031 470 2084 libro
486 2033 600 2084 mutatio
613 2042 650 2085 cst

147 2116 269 2170 omnium
283 2131 386 2173 rerum3
404 2130 466 2163 nam
482 2123 507 2162 et
518 2110 580 2164 alie
589 2130 649 2182 per-

699 1575 772 1609 more
789 1558 896 1627 placere
912 1571 1010 1629 posset.
1027 1560 1084 1610 lloc
1103 1562 1202 1612 memi-

698 1637 768 1687 nisse
789 1636 903 1701 debent,
921 1641 966 1709 qui
987 1637 1093 1695 ultimos
1112 1638 1199 1692 libros

697 1732 785 1765 rerum
793 1729 924 1779 novitate,
933 1729 959 1768 et
966 1730 1092 1770 varietate
1104 1737 1200 1772 carere

698 1792 822 1844 clamant.
836 1793 992 1864 Argumenti
1007 1808 1103 1848 natura
1113 1799 1142 1849 in
1154 1818 1201 1852 ce·

698 1875 759 1925 teris
772 1886 827 1926 tam
837 1874 899 1925 felix
905 1912 914 1939 ,
927 1874 978 1928 hee
990 1889 1079 1929 tamen
1091 1880 1119 1929 in
1135 1898 1200 1950 per·

697 1963 723 2002 ta
738 1953 879 2004 Homerico
891 1971 941 2005 usu
957 1967 1099 2008 extenuata
1110 1970 1137 2009 et
1150 1978 1198 2010 ex·

696 2029 806 2089 hausta,
820 2031 954 2085 abnuebat
961 2052 1006 2098 ea,
1015 2037 1107 2106 quaein
1115 2051 1199 2108 poeta

698 2107 875 2162 desideranda
889 2128 946 2163 esse
959 2111 1128 2165 arbitrantur.
1144 2117 1198 2170 Sed

146 2211 215 2249 sonoe
227 2203 253 2245 et
262 2191 319 2243 loca
331 2189 387 2240 alia
396 2200 456 2242 sunt
464 2201 512 2254 ,et
521 2188 599 2240 aliud
607 2209 650 2241 ne·
698 2189 724 2237 in
737 2186 788 2239 bac
808 2190 866 2258 ipsa
879 2193 1026 2262 argumenti
1046 2194 1139 2264 inopia
1159 2208 1200 2247 at·

144 2274 247 2347 potipm
264 2269 398 2341 incipitur.
415 2267 456 2319 Ab
472 2269 558 2319 AEnea
575 2268 646 2319 enim
697 2264 771 2317 tendi
790 2266 868 2317 velim
887 2271 1003 2320 animum
1018 2269 1053 2322 ad
1069 2291 1116 2337 ea,
1137 2291 1196 2344 quae

147 2352 241 2404 transit
254 2350 290 2402 ad
307 2349 444 2413 Turnum,
463 2367 479 2398 α
500 2346 594 2399 Tuscia
612 2347 648 2397 ad
696 2345 779 2397 altere
792 2364 823 2396 ex
835 2360 910 2417 parte
922 2361 1003 2418 poeta
1015 2350 1049 2402 ad
1066 2353 1195 2407 tenendas

145 2431 275 2492 Amicam,-
299 2451 315 2481 a
334 2427 462 2499 petitione
483 2424 646 2477 auxiliorum
696 2438 722 2478 et
746 2426 906 2478 recreandas
927 2426 1071 2498 legentium
1092 2446 1194 2485 mentes

146 2511 182 2562 od
193 2509 300 2562 bellum.
315 2507 436 2560 Redeunt
449 2519 538 2557 autem
547 2506 579 2556 vin
593 2504 646 2556 hoc
695 2507 854 2576 excogitavit
863 2506 1042 2561 sollertissime
1051 2532 1057 2561 :
1067 2514 1132 2563 utin
1141 2512 1195 2564 hoc

146 2603 173 2642 et
185 2587 357 2660 sequentibus
373 2585 448 2636 libris
461 2596 569 2635 narrata
585 2583 644 2654 ple·
694 2585 1194 2664 libroepieodiumdeNisoetEuryalo.

146 2687 230 2739 reque
258 2667 293 2719 ad
315 2665 425 2717 bellicos
450 2676 593 2735 apparatus
619 2676 645 2714 et
690 2666 779 2719 Etiam
797 2667 864 2718 illud
877 2669 1004 2739 preclare
1021 2687 1193 2742 exputatum,

145 2765 276 2820 pugnas:
302 2744 476 2816 quamobrem
505 2755 585 2812 poeta
616 2759 645 2794 se
694 2746 1195 2821 quodhoclibrores,absenteAEnea,

145 2839 310 2879 coarctatum
319 2837 345 2876 et
353 2822 580 2892 circumscriptum
588 2840 646 2872 sen·
691 2828 807 2898 geritur,
819 2838 848 2876 ut
860 2829 915 2896 ejus
935 2829 1050 2882 adventu
1062 2849 1134 2883 nova
1152 2853 1195 2886 η.

146 2908 195 2959 tire
209 2906 314 2967 debuit,
327 2903 391 2954 dum
403 2903 533 2953 Homerus
543 2899 645 2952 dudum
693 2924 752 2957 rum
760 2907 907 2975 expectatio
918 2906 971 2958 liat.
982 2909 1038 2960 Nec
1048 2912 1194 2981 quicquam

147 2985 296 3055 ea,quaein
306 2980 460 3054 pugnafieri
470 2979 565 3044 solent,
575 2997 646 3029 sum-
692 2985 809 3053 iniquius
833 2983 934 3036 lectum
956 2988 1087 3054 arbitror,
1111 3009 1193 3060 quam

146 3084 191 3117 mn
209 3083 269 3115 cum
286 3063 413 3113 varietate
430 3072 456 3111 et
472 3060 550 3129 copia
566 3077 646 3128 expo-
694 3062 823 3135 quodhoc
831 3065 1112 3136 ipsumreprehensum
1120 3072 1192 3122 estin

148 3147 252 3208 suisset,
258 3156 348 3213 atque,
355 3141 426 3191 eirca
436 3158 477 3190 res
486 3137 579 3190 eadem
587 3151 646 3189 eta·
693 3154 772 3212 poeta
784 3181 792 3210 ,
811 3142 883 3213 quod
895 3142 947 3196 hoe
959 3144 1028 3196 libro
1042 3167 1091 3218 per
1103 3150 1191 3202 AEnete

148 3238 173 3278 te
186 3238 212 3278 et
224 3223 318 3277 eodem
330 3220 401 3274 bello
413 3233 439 3273 et
452 3220 485 3272 ab
500 3220 564 3290 ipsis
578 3218 646 3269 Tro·
696 3220 843 3273 absentiam
855 3235 944 3275 castra
956 3240 1155 3297 oppugnantur,

151 3645 286 3756 Arous
299 3701 337 3742 ea
349 3675 477 3743 diversa
489 3679 620 3768 penitus
633 3676 714 3743 dum
725 3696 818 3768 parte
831 3695 1004 3768 geruntur,

149 3787 228 3850 lrirn
240 3784 281 3850 de
294 3786 374 3850 caelo
386 3786 475 3850 misit
486 3787 636 3852 Saturnia
646 3788 664 3852 J
668 3810 736 3852 uno

185 4015 208 4050 1.
226 3997 331 4051 Turnus
345 3999 485 4051 consilium
497 3999 530 4051 de
542 4019 643 4073 expug-
690 4017 818 4053 venerum
826 3999 920 4051 castus
930 4001 1010 4069 cepit.
1022 4000 1108 4068 Epion
1116 4018 1190 4054 more

148 4077 241 4130 randis
258 4097 307 4150 per
325 4078 412 4133 AEneta
432 4080 579 4133 absentiam
597 4080 644 4133 ad·
693 4081 829 4135 aluaone
844 4097 895 4150 par
912 4077 1010 4132 iridem
1025 4079 1093 4132 illud
1106 4080 1189 4133 Turni
