2700 4822
151 395 198 475 40
405 387 946 456 1³:leGIL11MARONIS

156 516 220 582 Sed
233 515 375 581 celerare
388 515 498 602 lugam
511 516 544 578 in
557 515 665 592 silvas,
681 531 713 577 et
725 514 828 578 fidere
841 516 940 580 nocti.

158 623 326 712 Objiciunt
338 622 464 709 equites
476 643 548 685 sese
559 619 601 683 ad
614 619 751 683 divortia
765 637 841 684 nota

158 729 245 791 Hinc
256 746 355 815 atque
367 726 458 805 hinc,
473 747 672 813 omnemque
683 724 809 788 abitum
821 723 959 790 custode
970 741 1140 789 coronant.
1152 738 1198 785 3⁸0

157 832 241 896 Silva
254 833 330 910 fuit,
344 832 407 894 late
420 829 528 894 dumis
540 846 638 918 atque
651 830 724 893 ilice
737 831 829 916 nigra

158 935 314 1015 Horrida,
328 960 426 1025 quam
440 935 532 1000 densi
546 936 737 1023 conplerant
750 934 897 1024 undique
910 938 1033 1016 senles3

117 1044 120 1051 ’
156 1045 240 1106 Rara
252 1065 312 1129 per
324 1043 469 1107 occultos
481 1040 611 1106 lucebat
623 1043 737 1105 semita
749 1041 849 1105 callis.

156 1149 333 1236 Euryalum
346 1147 489 1211 tenebrae
502 1171 668 1211 ramorum
680 1168 886 1236 onerosaque
897 1145 1009 1234 praeda

157 1253 348 1340 Inpediunt,
362 1253 511 1341 fallitque
524 1254 623 1316 timor
634 1253 767 1338 regione
780 1252 917 1315 viarum.

154 1363 251 1424 Nisus
263 1359 331 1423 abit
343 1382 349 1420 :
359 1360 494 1447 jamque
507 1356 688 1446 inprudens
702 1374 847 1421 evaserat
860 1356 976 1436 hostie,

155 1471 263 1556 Atque
275 1467 378 1543 lacus,
393 1464 450 1552 qui
461 1480 536 1551 post
548 1464 638 1528 Albae
651 1462 693 1528 de
705 1464 839 1527 nomine
852 1462 933 1527 dicti

186 1641 240 1704 378.
257 1644 281 1685 in
296 1640 356 1686 silvis
371 1641 436 1686 Leid.
454 1652 477 1687 et
488 1642 543 1702 Reg.
555 1665 587 1675 -
598 1641 651 1702 379.
667 1640 719 1687 380.
738 1643 766 1685 ln
782 1657 854 1686 unum
874 1640 959 1687 conflat
975 1636 1044 1684 Gotlt.
1062 1649 1114 1684 tert.
1132 1638 1197 1702 08Ῑὶ-

155 1717 218 1759 ciunt
232 1729 256 1757 se
269 1715 353 1775 equites
368 1711 454 1756 aditum
469 1712 559 1756 custode
574 1719 673 1756 coronat.
696 1737 727 1747 -
745 1711 798 1756 38η.
826 1709 868 1756 ltuc
885 1708 937 1755 illuc
953 1709 1041 1753 Nonius
1055 1709 1080 1753 in
1093 1708 1196 1753 diuortii.

155 1784 240 1830 abitrum
255 1783 340 1828 Medic.
355 1798 367 1825 a
383 1798 418 1842 pr.
435 1797 467 1828 m.
482 1781 569 1843 aliique
583 1798 635 1826 curn
649 1783 714 1826 llum.
731 1794 753 1826 ct
767 1781 818 1827 aliis
832 1783 907 1836 Pion,
919 1778 1020 1842 praetulit
1033 1794 1128 1840 quoque
1141 1781 1196 1824 Ser·

155 1858 217 1911 vius;
236 1857 314 1916 itaque
326 1855 415 1914 recepit
428 1854 544 1899 Heinsius.
560 1855 588 1898 Et
603 1852 696 1899 videtur
712 1868 760 1899 estc
776 1854 867 1899 doctius
885 1869 954 1916 quam
968 1850 1062 1911 vulgare
1078 1866 1082 1894 :
1101 1850 1197 1895 adinum.

154 1927 196 1970 lld.
213 1923 309 1969 Mediol.
320 1923 415 1977 oln'tum,
433 1935 484 1968 tert.
498 1924 582 1970 Moret.
597 1932 665 1987 atque
676 1940 763 1969 omnem
776 1923 868 1967 ubiutm.
881 1949 912 1958 -
924 1923 976 1968 382.
991 1917 1130 1982 complebant
1144 1921 1198 1966 Me·

155 1998 200 2042 dic.
212 2021 243 2031 -
255 1995 307 2041 383.
320 1993 408 2040 lucebat
420 1994 485 2039 haud
501 1995 571 2040 dubie
588 1994 717 2056 elegantius
731 1996 760 2041 de
776 1997 812 2042 via
829 1997 891 2041 inter
904 1995 987 2039 dumos
1002 2005 1025 2038 et
1037 1991 1144 2037 tenebras
1156 1989 1197 2036 sil·

153 2082 246 2120 varum,
262 2081 330 2127 quatu
345 2065 451 2119 ducebat,
468 2065 532 2127 quod
548 2064 625 2127 tulgg.
642 2066 796 2127 praeferebant
808 2078 861 2110 ante
873 2067 1005 2118 Heinsium‚
1023 2064 1064 2124 qni
1076 2063 1197 2116 Servium,

154 2136 241 2182 Medic.
261 2152 274 2180 a
292 2150 322 2179 m.
340 2151 389 2196 pn,
403 2134 507 2197 aliosque
526 2149 638 2198 sequutus
655 2150 688 2182 est
705 2153 711 2181 z
732 2139 774 2181 etsi
794 2138 855 2181 enim
872 2136 901 2180 ab
918 2151 961 2181 eo:
982 2134 1022 2178 scd
1029 2132 1134 2195 frustra,
1153 2131 1196 2176 snb

153 2208 224 2251 finem
240 2218 300 2250 notae
316 2204 446 2267 subjectum
462 2205 543 2261 video,
560 2209 584 2250 in
599 2219 731 2252 contextum
747 2219 824 2251 tamen
838 2205 925 2251 arcebat
937 2215 1057 2265 receptum
1072 2213 1114 2247 est.
1132 2201 1197 2245 Prae-

154 2278 228 2320 iverat
238 2286 313 2319 autern
324 2276 371 2335 jam
384 2273 439 2318 oliru
451 2276 579 2335 Naugerius
589 2275 640 2320 Ald.
657 2275 726 2332 1514,
743 2277 780 2321 cui
797 2278 835 2320 vix
851 2291 896 2320 una
907 2272 1011 2319 etaltera
1022 2271 1094 2317 editio
1104 2270 1196 2315 obtem·

153 2346 251 2407 peravit.
264 2345 292 2388 At
303 2346 380 2387 semita
390 2345 458 2388 rura?
468 2346 537 2390 Estne
548 2362 599 2407 quae
609 2362 661 2391 raro
671 2347 700 2390 ab
712 2347 819 2407 ingressis
828 2346 890 2390 inter
898 2355 975 2390 sentes
986 2341 1079 2402 agnosci
1091 2350 1196 2400 poterat,

154 2417 235 2478 paucis
246 2431 272 2460 ac
284 2417 341 2460 raris
352 2415 479 2462 intervallis
488 2419 549 2462 inter
559 2418 629 2463 saltus
646 2417 768 2478 caliginem
784 2429 865 2480 patens
877 2415 985 2461 lucebat?
995 2413 1107 2457 hactenus
1118 2413 1197 2455 semita

154 2501 207 2530 rum
217 2483 315 2539 lucebat,
332 2484 389 2530 caelo
398 2502 424 2531 ac
433 2484 485 2532 luce
496 2488 596 2550 desuper
612 2491 711 2533 immissa
729 2490 800 2533 certis
815 2499 905 2532 tantum
913 2485 985 2539 locis‚·
996 2498 1026 2527 an
1036 2496 1087 2544 quae
1099 2482 1149 2542 ipsa
1162 2492 1195 2525 est

153 2572 216 2610 rara,
229 2557 321 2616 pervia;
333 2568 358 2599 ut
369 2554 425 2601 silva
437 2572 487 2601 rara
498 2557 596 2613 dicitur,
608 2558 632 2603 h.
644 2576 664 2604 e.
676 2574 724 2603 non
734 2558 817 2613 densa,
829 2552 915 2608 nunti,
928 2553 969 2600 sed
981 2547 1059 2614 ἀραιά.
1072 2550 1119 2595 Sed
1130 2552 1195 2612 prius

154 2625 292 2687 expeditius.
305 2623 378 2670 Colles
389 2626 483 2672 obvium
500 2641 558 2674 esset
575 2642 665 2674 mutare
675 2631 699 2673 in
715 2626 797 2681 valles5
817 2627 858 2673 scd
874 2627 963 2687 accipio
973 2620 1041 2668 calles
1052 2620 1082 2665 de
1092 2632 1142 2664 toto
1154 2619 1194 2664 illo

154 2695 251 2741 dumoso
262 2708 348 2751 tractu,
371 2699 411 2759 qui
423 2711 472 2743 erat
488 2701 581 2760 pervius
600 2701 645 2759 (sic
657 2699 719 2762 apud
731 2701 821 2745 Livium
833 2695 905 2743 saltus
916 2693 1028 2757 callesque
1037 2691 1194 2754 junguntur),

152 2769 177 2813 in
189 2767 233 2812 hoc
246 2780 280 2812 est
291 2770 381 2822 semita,
393 2785 444 2830 quae
457 2769 521 2816 ducit
532 2784 634 2817 euntem.
647 2797 678 2807 -
687 2770 740 2815 385.
747 2769 847 2833 fallique
857 2773 922 2814 timor
930 2767 1014 2812 Medic.
1025 2780 1037 2809 a
1048 2778 1078 2806 m.
1090 2778 1140 2824 pr,
1149 2762 1194 2806 sic·

151 2853 197 2900 que
211 2837 264 2882 edd.
277 2837 366 2900 aliquot
377 2842 546 2896 recentiorum,
561 2844 675 2887 concinne
687 2843 794 2896 omnino,
810 2841 907 2884 Heinsio
916 2852 1010 2900 quoque
1020 2833 1115 2895 judice,
1128 2834 1192 2876 timor

151 2924 179 2952 ne
186 2907 320 2971 fitllerctui,
339 2912 383 2955 nisi
399 2912 519 2957 manifesta
533 2911 622 2958 librarii
634 2915 724 2958 incuria
735 2924 800 2958 esset.
815 2936 846 2946 —
860 2910 913 2956 386.
923 2910 1018 2954 evaserit
1028 2904 1127 2958 Medio,
1140 2919 1192 2948 am.

150 2997 187 3042 pr.
200 2983 311 3026 invasurus
321 2980 462 3029 Dorvill.‚—
474 2983 526 3045 387.
539 2983 597 3030 locos
609 2984 678 3029 codd.
696 2985 774 3029 llcins.
786 2995 808 3028 et
817 2983 878 3027 inter
888 2996 927 3028 eos
935 2979 1021 3025 Medic.
1028 3010 1036 3032 ,
1053 2977 1086 3020 sic
1098 2988 1192 3038 quoque

149 3127 236 3196 explet
247 3127 318 3178 Serv.
338 3128 422 3179 verbis
433 3130 540 3181 tendere
551 3129 647 3183 adver·

151 3223 193 3256 sus
208 3206 337 3276 aliquem,
347 3207 399 3258 hoc
410 3221 461 3272 est,
474 3208 644 3278 respondere.

149 3287 249 3336 Tamen
262 3285 403 3337 offendunt
416 3287 461 3337 alil
473 3289 589 3358 lnterpp.
611 3319 646 3328 -

149 3365 208 3432 379.
222 3364 333 3416 divortia
343 3364 464 3433 doctius,
474 3385 553 3437 quam
561 3366 646 3419 diver·

148 3443 237 3496 sicula.

182 3523 243 3575 383.
263 3525 312 3575 Per
328 3523 405 3577 calles
421 3525 548 3591 occultos,
561 3527 643 3578 saltus

147 3601 320 3673 caliginosos,
334 3603 448 3656 ducebat
465 3607 571 3671 semita,
583 3606 643 3658 luee

147 3681 260 3751 desuper
286 3685 403 3734 immissa
428 3704 476 3755 per
504 3685 644 3737 intervalla

146 3760 322 3828 agnoscenda.
341 3780 365 3810 v.
383 3763 414 3811 V.
427 3764 455 3812 L.
467 3793 500 3800 -
513 3763 571 3817 385.
580 3761 642 3832 fnl-

146 3836 229 3908 litque
241 3837 541 3909 timorreqioneviarum
551 3841 576 3891 h.
589 3843 640 3906 via,

144 3916 350 3984 periphrastice3
364 3930 392 3966 ut
405 3917 540 3969 aberraret
557 3939 573 3970 a
588 3921 639 3972 tria.

144 3993 214 4064 rcqio
225 3994 287 4058 vioe,
301 3990 327 4044 et
334 3998 452 4063 poetice,
463 3997 565 4047 viarum
572 4035 581 4062 ,
591 4017 640 4068 pro

145 4075 204 4145 ipsa
218 4074 270 4123 via.
289 4074 323 4124 cf.
343 4092 400 4145 sup.
420 4075 453 4128 otl
467 4076 512 4127 lil).
526 4079 565 4142 11,
580 4077 639 4150 737.

695 3133 785 3181 Timor
805 3132 876 3200 ipse,
892 3147 925 3178 ne
943 3128 970 3176 in
988 3124 1078 3175 hostes
1092 3118 1192 3171 incide·

695 3222 748 3274 ret,
761 3227 777 3258 a
789 3210 844 3274 via,
860 3225 914 3277 qua
928 3203 997 3256 elabi
1006 3211 1126 3273 poterat,
1144 3198 1192 3250 ab·

695 3286 775 3338 ducit.
789 3317 822 3325 -
837 3286 897 3338 386.
918 3284 973 3334 abit
984 3294 1013 3333 ut
1024 3281 1071 3331 lib.
1089 3282 1123 3344 V,
1139 3279 1190 3330 318

694 3367 800 3418 Primus
811 3366 881 3428 abit,
901 3362 1029 3435 lonqeque
1046 3372 1107 3412 ante
1126 3359 1190 3410 alios

693 3445 802 3510 emicat,
822 3443 910 3495 evolat
929 3455 990 3493 ante
1006 3440 1126 3491 alterum.
1143 3438 1192 3489 im·

692 3525 820 3596 prudens,
833 3523 975 3594 Euryalum
987 3538 1124 3571 remanere
1136 3537 1190 3569 non

693 3603 914 3654 animadvertens.
925 3601 1008 3650 Lacus
1015 3597 1136 3650 Albanus
1148 3599 1191 3649 ali·

693 3694 822 3752 quantum
839 3699 902 3731 sane
920 3698 935 3730 a
950 3678 1043 3728 Castro
1060 3677 1082 3725 Τ
1084 3679 1190 3746 rojano-

692 3779 766 3823 rum,
782 3778 828 3811 seu
847 3760 923 3809 Nova
935 3759 1029 3824 Troja,
1045 3756 1149 3822 abfuit,
1165 3769 1190 3808 et

690 3843 790 3908 majore
808 3840 877 3889 forte
896 3836 1051 3901 intervallo,
1069 3855 1149 3906 quam
1161 3849 1189 3886 ut

690 3919 782 3989 paucis
791 3917 864 3968 lioris
877 3937 893 3968 a
904 3916 992 3967 media
1001 3927 1079 3967 nocte
1091 3916 1127 3967 ad
1136 3916 1187 3966 diei

691 4009 776 4047 ortum
786 4014 909 4066 eousque
919 4013 1085 4066 procurrere,
1099 4007 1126 4046 et
1135 4013 1188 4045 rur·

690 4095 734 4130 sus
755 4075 817 4129 inde
833 4076 912 4129 silvas
931 4087 1050 4148 repetere
1069 4076 1186 4148 potuerit
