2700 4822
322 365 561 434 AENEIDOS
583 365 738 434 LIBER
761 367 824 435 lx.

49 495 102 561 Me
114 495 269 575 timeant3
281 516 345 558 nee
356 494 435 581 equi
447 515 533 558 caeca
544 492 728 557 condemur
739 495 773 557 in
784 495 877 559 alvo:

52 605 159 681 Luce,
173 601 296 689 paleam
310 615 438 663 certum
453 616 503 662 est
514 599 581 686 igni
593 598 797 665 circumdare
809 624 932 666 muros.

52 706 153 772 Haud
165 706 229 771 sibi
240 729 316 770 cum
329 705 450 768 Danais
462 727 533 767 rem
546 706 634 784 mxu,
648 722 681 768 et
692 705 781 793 pube
794 705 926 795 Pelasga

54 813 135 877 Esse
146 828 281 900 putent,
294 808 474 874 decumum
486 832 571 897 quos
584 810 710 874 distulit
722 813 846 876 Hector
858 814 892 876 in
903 837 1037 880 annum.
1058 831 1098 878 155

54 921 150 983 Nunc
162 916 263 996 adeo,
276 915 396 979 melior
406 917 565 1004 quoniam
576 939 651 1003 pars
663 934 734 980 acta
745 916 827 997 diei,

55 1021 154 1103 Quod
166 1037 331 1108 superest,
344 1020 411 1083 laeti
422 1019 508 1082 bene
521 1022 619 1107 gestis
631 1044 770 1109 corpora
782 1022 880 1088 rcbus

55 1129 247 1205 Procurate,
262 1126 337 1204 viri3
350 1142 384 1188 et
395 1146 538 1212 pugnam
551 1143 679 1213 sperate
692 1130 805 1214 parati.
820 1158 834 1186 ι

56 1235 187 1297 Interea
198 1232 335 1318 vigilum
348 1230 493 1294 excubiis
506 1230 659 1295 obsidere
671 1251 782 1320 portas

58 1341 143 1403 Cura
156 1336 254 1401 datur
264 1339 432 1422 Messapo,
446 1353 480 1399 et
491 1337 612 1399 moenia
623 1338 755 1423 cingere
767 1336 917 1404 flammis.
1057 1356 1102 1403 roo

59 1446 109 1508 Bis
122 1459 267 1530 septem,
281 1440 405 1504 Rutulo
415 1463 529 1504 muros
541 1441 600 1528 qui
610 1440 714 1503 milite
727 1460 873 1522 servent,

59 1549 206 1632 Delecti:
219 1565 270 1612 ast
281 1547 355 1610 illos
367 1546 498 1610 centeni
511 1568 678 1634 quemque
689 1565 876 1636 sequuntur

60 1654 220 1744 Purpurei
232 1653 338 1716 cristis
346 1652 500 1741 juvenes,
513 1674 662 1740 auroque
674 1655 813 1718 corusci.

62 1763 271 1838 Discurrunt,
284 1760 477 1847 variantque
490 1759 593 1837 vices3
607 1759 811 1847 fusique-per
823 1759 959 1825 herbam

62 1937 112 1984 loco
130 1937 237 1998 subrepti
257 1950 400 1997 agnoscere,
429 1946 452 1980 et
470 1934 600 1980 Bruncldur
618 1950 719 1980 caussam
738 1932 806 1979 aliam
827 1935 895 1981 docte
914 1936 996 1998 adjicit
1019 1941 1103 2001 (pref.

61 2025 84 2070 p.
93 2009 152 2067 Vl),
168 2005 234 2070 qnod
243 2005 434 2049 secundusomne
444 2004 560 2066 Angusteo
574 2004 658 2049 saerulo
670 2002 759 2048 Palladi
775 2016 835 2059 erat,
856 2019 905 2049 non
919 2004 1023 2051 Palladii.
1040 2011 1105 2054 Eru-

63 2078 93 2124 lai
106 2080 178 2125 etiam
195 2090 276 2122 verens
295 2090 323 2118 ex
341 2073 379 2119 ed.
400 2075 525 2118 Parmensi.
547 2077 612 2119 cecis
632 2074 703 2119 Goth.
721 2085 774 2119 tert.
794 2072 847 2119 laioe
864 2077 889 2119 in
903 2076 982 2132 Rom,
1006 2080 1031 2122 in
1054 2079 1105 2125 aliis

62 2150 184 2203 Pierianis,
200 2162 255 2192 cnm
270 2145 351 2207 fragm.
364 2145 439 2189 Vatic.
453 2161 507 2190 am.
520 2161 555 2207 pr.
570 2143 615 2190 late
628 2161 648 2190 c.
665 2161 700 2200 a„
720 2148 797 2190 minus
812 2147 881 2191 bene.
892 2172 923 2181 ·-
938 2149 987 2192 152.
1006 2150 1053 2193 Nec
1065 2149 1106 2194 alii

63 2235 97 2280 ap.
109 2219 190 2262 Burin.
207 2215 328 2260 Retineont
345 2213 414 2258 Goth.
432 2229 479 2259 sec.
493 2230 552 2259 caeco
561 2214 653 2277 aliquot
664 2216 724 2261 Pier.
732 2231 789 2260 -cum
802 2217 873 2276 Regio
884 2217 962 2262 Burm.
973 2216 1107 2264 claudemur

63 2290 134 2351 bigot.
147 2303 202 2334 cum
213 2284 283 2330 Goth.
296 2296 349 2330 tert.
362 2285 483 2331 condemns
494 2285 608 2330 Montalb.
627 2287 751 2331 condatur
766 2286 813 2330 duo
825 2287 908 2331 Moret.
920 2286 984 2334 alveo
997 2289 1062 2333 Pom.
1074 2314 1107 2325 -

67 2359 183 2416 154.ωο
196 2354 266 2400 Goth.
278 2366 332 2400 tert.
346 2363 370 2400 et
379 2371 453 2418 puppe
464 2371 510 2401 sec.
521 2381 552 2390 -
567 2357 617 2401 155.
628 2365 767 2418 percuteres
781 2359 873 2411 Burm,
891 2369 914 2402 et
924 2358 1005 2419 ferunt
1016 2359 1107 2421 aliquot

65 2430 120 2476 Pier.
138 2440 163 2474 et
179 2428 259 2471 licini.
276 2440 332 2470 cum
348 2425 429 2486 fragm.
447 2427 521 2471 Vatic.
534 2427 652 2471 decumum
664 2445 686 2473 v.
703 2429 763 2473 Pier.
779 2453 810 2462 —
827 2427 876 2473 156.
893 2444 951 2473 nunc
964 2430 1013 2474 ideo
1023 2430 1104 2491 fragm.

64 2499 134 2546 vatic.
144 2500 252 2563 queuntium
262 2494 341 2542 melior
351 2497 411 2541 Ven.
422 2509 445 2542 et
455 2496 524 2541 Goth.
535 2509 587 2543 tert.
600 2498 685 2543 dieicst
696 2499 785 2560 aliquot
797 2500 857 2544 Pier.
870 2511 894 2544 et
905 2501 984 2545 Heius.
995 2517 1047 2546 cum
1058 2517 1106 2547 uno
1197 2516 1202 2523 ’

65 2567 217 2632 Gud.,quod
223 2579 317 2613 tenuem
323 2567 605 2631 laborationem-158.
610 2571 890 2631 paruiirevocavitliurm.
898 2572 1020 2631 ,quoniam
1027 2569 1112 2616 miliics'

64 2644 135 2704 puali
145 2639 175 2685 ad
187 2653 290 2700 pugnam
301 2639 389 2682 centies
401 2636 519 2683 dicuntur.
531 2637 608 2684 Altera
618 2638 688 2684 lectio
700 2640 731 2684 ob
742 2639 849 2684 codicum
857 2654 996 2685 consensum
1007 2657 1019 2685 a
1029 2643 1107 2687 Pierio

65 2723 85 2756 ei
94 2710 192 2756 Heinsio
204 2718 253 2752 erat
264 2705 377 2767 probata:
393 2721 493 2769 puqnnm
508 2716 595 2768 sperate
609 2712 694 2771 parari.
704 2709 800 2754 Accedit
816 2708 895 2770 fragm.
913 2709 987 2754 Vatic.
1005 2723 1028 2755 et
1044 2726 1107 2757 nunc

64 2778 208 2834 Wakefield,
220 2777 315 2822 laudato
327 2777 379 2822 cod.
391 2777 489 2839 Collegii
499 2779 562 2822 lesu.
574 2805 605 2814 -
622 2780 671 2825 160.
678 2781 775 2841 flamma
784 2781 853 2825 Pierii
863 2780 917 2824 libri
928 2792 951 2825 et
960 2793 1006 2826 tres
1015 2782 1092 2826 Rurm.
1099 2798 1109 2837 ;

64 2851 119 2897 adde
128 2852 212 2912 fragm.
222 2850 298 2893 Vatic.
311 2873 341 2882 -
356 2848 405 2893 161.
420 2850 460 2893 Bis
471 2858 556 2911 sepiem
571 2849 652 2895 Rutuli
665 2850 743 2912 vulgg.
755 2867 848 2906 omues,
860 2850 957 2906 Rutulo,
966 2851 1031 2914 quod
1043 2852 1106 2897 felici

63 2921 141 2966 calami
154 2919 222 2980 lapsu
233 2929 314 2962 natum
326 2916 429 2974 ridetur,
444 2918 649 2980 elegantiaesiudio
660 2922 791 2966 eMediceo
801 2922 880 2966 Heius.
893 2921 966 2966 dedit.
977 2924 1018 2984 qui
1030 2935 1106 2966 muros

65 2989 119 3036 alter
127 2989 212 3035 Hamb.
223 3012 256 3022 -
270 2985 319 3031 162.
332 2985 416 3032 Dilecti
424 2987 485 3033 Gud.
496 3001 518 3033 et
526 3002 586 3034 unus
596 2990 665 3035 Goth.
677 2999 803 3053 sequuntur
811 2989 848 3036 vel
858 2999 964 3035 secuntur
973 3005 1026 3052 pars
1035 2989 1106 3046 libli.,

65 3061 132 3124 idque
151 3071 205 3122 port
219 3058 283 3102 Pier.
303 3058 410 3119 probavit
428 3059 507 3106 Heius.
527 3060 643 3106 Romanus
663 3061 791 3118 camellis,
812 3064 880 3108 etiam
898 3061 965 3116 edd,
981 3063 1059 3106 secuti.
1075 3085 1107 3096 -

67 3130 113 3176 163.
124 3129 252 3191 Purpura,
268 3126 332 3188 quod
349 3126 478 3190 elegantius
487 3129 530 3188 (cf.
542 3129 643 3189 Cerda),
656 3143 754 3176 ‘tuemur
762 3131 848 3177 Medic.
859 3132 925 3176 Rom.
935 3131 1016 3191 fragm.
1028 3130 1104 3174 Vatic.

64 3267 163 3322 -rss
177 3265 469 3338 quosdistulitHecior:
480 3255 558 3322 dodte
607 3295 637 3335 e,
651 3273 710 3342 275.
723 3274 791 3324 Tum
807 3274 900 3344 prisca
913 3274 996 3323 aetatis
1011 3289 1068 3323 mos
1081 3283 1108 3322 et

62 3367 109 3420 pro
125 3347 249 3418 vulgari,
270 3364 383 3416 quorum
404 3362 514 3399 conatus
533 3361 561 3401 et
608 3352 706 3403 militiae
722 3352 889 3404 observanda
902 3364 942 3403 est
957 3353 1108 3420 imperitia,

61 3430 174 3495 consilia
185 3430 311 3498 repressit
323 3429 503 3481 etretardavit
513 3449 561 3501 per
610 3433 778 3502 quodRutuli
786 3446 873 3484 castra
880 3442 1045 3500 oppugnant,
1056 3431 1109 3500 ipsi
1184 3442 1190 3453 '

63 3508 559 3580 annosdecem.conf.Xl‚288-290.
609 3511 708 3564 vallum
731 3511 833 3561 nullum
857 3509 975 3570 ducunt,
1001 3525 1054 3576 quo
1079 3525 1106 3559 se

62 3593 129 3644 Hine
142 3590 278 3659 eleganter
293 3588 360 3639 illud
376 3589 478 3640 Abroni
495 3591 563 3641 Silo·
598 3601 744 3641 tueantur.
757 3590 813 3639 Nec
828 3587 903 3637 aliter
919 3585 1041 3654 ijani,
1060 3587 1107 3656 qui

62 3673 100 3723 nis
114 3687 158 3738 ap.
170 3667 431 3733 sen.Suas0r.11‚ad
443 3669 561 3722 fimetin
609 3669 770 3720 Achivorum
806 3677 895 3716 castra
929 3677 1105 3736 oppugnant,

63 3748 171 3802 Anthol.
182 3747 239 3798 Lat.
252 3765 279 3816 p.
295 3747 327 3815 87
343 3744 406 3796 beili
416 3765 489 3798 moro
502 3765 562 3798 con·
609 3746 683 3799 lliad.
693 3747 727 3811 θ,
736 3744 794 3795 sub.
803 3746 858 3794 f.-
867 3744 924 3795 160.
928 3743 1049 3818 flammis
1057 3746 1104 3795 int.

62 3830 125 3880 cidit
135 3828 242 3878 Hector·
609 3827 721 3899 vigilias.
734 3824 807 3877 Adv.
822 3825 865 3876 161
876 3842 934 3894 sqq.
945 3823 978 3875 cf.
989 3822 1063 3874 iliad.
1082 3845 1105 3885 r,

100 3915 158 3968 156.
172 3912 490 3985 ComparantOdyss.1a,
510 3927 557 3980 291
610 3910 643 3961 85
654 3925 723 3977 seq.;
736 3918 762 3958 et
772 3905 807 3957 ad
816 3924 840 3955 v.
858 3904 920 3966 165,
934 3922 958 3954 v.
975 3903 1051 3954 iliad.
1069 3905 1107 3967 θ,

65 4014 103 4066 sq.
119 3993 195 4046 iliad.
208 3995 226 4054 β
234 4032 241 4053 ,
256 3993 316 4045 381.
329 3992 421 4044 Malim
433 4010 482 4063 ego
495 4009 560 4041 con·
610 3988 669 4041 550.
682 3985 740 4038 551.
751 3988 849 4057 Agmen
860 3985 939 4054 igitur
948 3982 1059 4036 cluloCC
1069 3984 1107 4031 vi-

66 4075 127 4127 lerri
139 4073 207 4126 lliad
218 4075 239 4124 i
246 4111 256 4139 ,
269 4073 319 4128 502
332 4091 390 4144 sqq.
404 4071 456 4142 529
468 4089 523 4141 sq,
534 4081 562 4123 et
610 4063 1104 4117 rorumselectorumi'uitconstitutum.
1125 4115 1126 4118 Ἴ

135 4161 161 4230 4.
427 4196 432 4205 .
894 4167 929 4202 ,η
