2700 4822
338 399 572 467 nsrtoos
596 400 749 464 tinen
773 398 835 465 tx.
1066 402 1106 482 43

62 532 96 599 Si
109 554 174 621 qua
187 528 253 593 tuis
264 549 413 615 uuquam
426 548 486 612 pro
498 547 552 588 me
564 540 658 611 pater
670 525 831 612 Hyrtacus
841 523 906 587 aris

62 642 159 703 Dona
171 636 262 712 tulit,
275 634 302 697 si
316 656 380 721 qua
393 633 463 719 ipse
476 632 557 694 meis
570 629 743 694 venatibus
754 631 843 709 auxi,

63 741 272 831 Suspendive
284 739 391 815 tholo,
405 754 462 801 aut
474 759 563 801 sacra
575 735 616 799 ad
630 736 756 823 fastigia
769 735 823 798 lixi
835 758 842 797 :

64 851 164 913 Hunc
176 849 313 912 sinemo
326 843 459 907 turbare
471 841 621 930 globum,
636 857 669 904 et
680 863 757 928 rege
770 841 834 904 tela
845 862 906 928 per
916 860 1047 904 auras.»

63 956 218 1019 Dixerat:
232 968 265 1015 et
276 966 347 1014 toto
359 949 519 1014 connixus
531 970 671 1034 corpore
684 948 809 1010 ferrum
1065 954 1112 1014 sm

64 1060 207 1149 Conjicit
219 1081 226 1119 ε
240 1055 332 1122 hasta
343 1057 458 1119 volans
471 1056 576 1118 noctis
589 1053 775 1118 diverberat
787 1051 934 1132 umbras,

63 1167 107 1230 Et
118 1165 211 1229 venit
221 1164 326 1227 aversi
339 1163 372 1224 in
385 1177 513 1247 tergum
527 1160 706 1236 Sulmonis,
721 1159 833 1248 ibique

63 1272 255 1357 Frangitur,
268 1291 306 1332 ac
319 1269 396 1332 lisso
409 1268 523 1330 transit
537 1264 718 1352 prrecordia
730 1264 828 1351 ligno.

61 1376 219 1440 Volvitur
230 1374 285 1438 ille
298 1395 436 1437 vomens
447 1371 591 1436 calidum
605 1370 647 1434 de
659 1387 793 1458 pectore
805 1369 931 1433 flumen

63 1481 232 1569 Frigidus,
246 1497 279 1544 et
291 1480 397 1566 longis
410 1477 607 1566 singultibus
619 1477 674 1540 ilia
688 1478 806 1564 pulsat.
1064 1484 1109 1539 lui

95 1640 149 1702 4⁰9·
165 1644 234 1687 Nunc
250 1656 286 1702 pr.
302 1640 386 1684 iloret.
399 1655 441 1702 per
455 1637 528 1685 hostes
541 1640 616 1699 Bigot.
631 1650 654 1682 et
668 1636 737 1682 Goth.
754 1650 849 1684 tert-
863 1636 917 1693 4ιο.
931 1637 1019 1680 conisus
1032 1632 1112 1688 Rom,

64 1724 90 1758 et
100 1711 146 1757 hoc
156 1713 247 1757 Pierius
256 1711 384 1756 secundum
402 1710 502 1755 Probum
515 1710 660 1772 praeferebat.
674 1713 784 1755 comrixus
797 1726 809 1756 e
821 1712 867 1756 suis
878 1706 984 1754 defendit
995 1705 1110 1750 Heinsius.

62 1781 112 1827 Sed
128 1784 160 1835 si,
180 1793 206 1826 ut
222 1780 290 1835 facit,
306 1784 399 1826 conaus
409 1781 531 1835 scribitur,
544 1782 619 1827 statim
632 1796 726 1843 quoque
738 1783 819 1827 conicit
829 1796 862 1826 vs.
874 1778 917 1835 4ιι
933 1788 981 1823 crat
993 1775 1112 1835 relinguu-

63 1850 130 1896 dum.
143 1853 181 1897 Sic
191 1866 287 1913 quoque
299 1862 354 1895 vett.
367 1868 404 1912 ap.
415 1853 520 1896 Servium
533 1851 657 1895 liubchaut.
669 1875 700 1884 -
714 1851 767 1906 4η.
780 1850 909 1895 ιΙιηιονὺεναῑ
919 1865 958 1910 qu.
971 1847 1055 1890 Moret.
1067 1860 1112 1887 att·

63 1936 104 1965 ms
113 1920 204 1983 aliquot
215 1921 295 1964 Burin.
305 1938 326 1966 v.
338 1920 379 1965 lib.
390 1922 419 1975 V,
431 1924 483 1966 502.
496 1947 526 1956 -
538 1921 591 1976 4η.
602 1921 692 1964 aduersi
700 1920 768 1981 vulgo
779 1921 866 1982 ubique
876 1919 967 1979 legitur.
980 1916 1072 1960 Servius
1082 1912 1112 1957 de

62 2004 131 2039 scuto
141 1994 323 2053 interpretatur:
335 1994 368 2037 sir
378 2007 473 2054 quoque
482 1992 594 2037 Donatus.
608 1997 614 2033 l
626 1992 736 2036 onturhat
746 1991 862 2037 interdum
874 1991 989 2041 animum,
1003 1987 1021 2030 si
1033 1983 1113 2029 videas

63 2075 137 2108 totam
154 2065 318 2125 antiquitatem
334 2063 458 2108 absurdam
468 2066 604 2125 opinionem
616 2065 767 2126 pervicaciter
784 2077 877 2118 tenere,
891 2073 914 2107 et
925 2059 1066 2105 recentiores
1078 2056 1113 2100 ei·

64 2132 119 2179 dem
130 2133 254 2179 inhaerere.
266 2135 305 2179 Fst
318 2135 385 2179 docta
398 2135 426 2179 ad
443 2133 467 2179 h.
483 2133 500 2178 l.
518 2136 607 2180 Heiusii
623 2147 691 2189 uota,
704 2151 750 2196 qua
762 2134 830 2180 docet
842 2149 871 2178 cx
880 2132 949 2192 tergis
961 2127 1113 2173 animantium

62 2202 124 2248 facta
141 2216 219 2259 scuta,
241 2216 264 2249 et
280 2203 336 2248 hinc
348 2217 411 2267 terga
428 2207 503 2266 poetis
517 2203 546 2249 de
558 2207 629 2249 scutis
641 2205 710 2249 dicta.
730 2205 853 2249 Enimvero
865 2202 895 2247 de
906 2200 951 2244 hoe
963 2211 1032 2242 nemo
1044 2190 1112 2239 facile

63 2274 165 2321 dubitet.
182 2275 228 2320 Sed
240 2275 285 2320 hoc
302 2273 354 2320 loco
372 2284 455 2339 tergum
468 2276 556 2321 dictum
574 2288 620 2331 est,
636 2291 684 2321 nou
697 2276 766 2321 modo
778 2278 827 2320 siue
841 2273 889 2319 ullo
906 2271 1029 2333 adjuncto,
1048 2262 1113 2329 quod

64 2358 158 2391 sensum
171 2345 284 2407 adjuvare
296 2357 320 2390 et
330 2348 389 2390 scuti
399 2348 518 2391 notionem
536 2346 623 2392 inferre
639 2349 723 2407 possit,
737 2358 763 2390 ut
779 2347 803 2390 iu
812 2343 865 2389 loco
874 2341 966 2395 Ovidii,
978 2353 1048 2401 quem
1058 2334 1112 2379 lau·

66 2416 118 2472 dat,
136 2416 237 2470 factum;
253 2432 332 2462 verum
343 2420 412 2463 etiam
425 2418 515 2480 adjecta
528 2433 598 2474 voce,
610 2417 737 2481 quasillum
748 2417 900 2477 significatum
910 2427 1004 2477 prorsus
1013 2408 1113 2455 evertit:

65 2489 89 2530 in
100 2495 187 2551 seryum
196 2484 316 2532 Sulmonis.
331 2489 476 2533 Burmannus
489 2491 542 2534 satis
554 2487 623 2534 habet
641 2505 673 2534 vs.
687 2487 733 2550 764
743 2488 785 2533 inf.
798 2486 901 2531 laudare.
914 2482 999 2529 Saltem
1009 2490 1059 2524 erat
1072 2475 1112 2521 di·

65 2556 179 2612 cendum,
193 2572 221 2602 ex
235 2557 332 2602 adverso
342 2559 430 2604 stetisse
446 2558 581 2604 Sulmonem
596 2561 663 2613 Niso,
678 2561 720 2604 etsi
729 2570 794 2618 tergo
804 2559 828 2601 in
839 2572 892 2601 eum
904 2566 1030 2600 converso:
1042 2562 1112 2593 uemo

66 2637 143 2671 umen
149 2626 194 2672 hoc
200 2629 278 2688 positu
283 2627 384 2690 aliquem
391 2628 509 2673 aduersum
517 2638 577 2673 stur.¹
585 2629 677 2674 dixerit.
688 2628 770 2673 Aversi
778 2642 826 2674 esse
836 2623 970 2687 legendum,
979 2616 1112 2665 cumCerda

66 2694 145 2742 nullus
157 2695 249 2740 dubito.
264 2696 342 2741 Totius
358 2699 383 2740 iu
392 2697 435 2742 hac
445 2714 502 2742 voce
512 2699 611 2759 turpiter
623 2697 682 2759 lapsi
691 2711 745 2743 suut
756 2697 856 2749 librarii,
874 2707 899 2739 ut
910 2692 1010 2737 licentiae
1022 2690 1046 2733 in
1061 2700 1112 2732 eam

67 2771 120 2815 satis
131 2770 161 2813 sit
173 2768 248 2813 uobis.
259 2768 333 2814 llabet
342 2785 437 2832 quoque
447 2768 507 2814 illud
517 2784 562 2814 sec.
574 2770 684 2815 llotteud.
693 2769 847 2814 Transadacta
857 2778 934 2811 autem
943 2763 988 2807 fuit
996 2760 1060 2805 hasta
1070 2773 1113 2820 per

67 2840 183 2885 Sulmonis
195 2852 286 2899 tergum
303 2842 347 2894 ita,
364 2853 390 2885 ut
406 2858 448 2902 per
464 2853 546 2902 pectus
558 2843 681 2896 emineret,
698 2841 793 2903 longum
805 2855 860 2886 vero
872 2835 967 2889 hastile,
984 2830 1049 2895 quod
1059 2826 1113 2875 vul·

67 2926 123 2957 uere
135 2923 198 2957 extat
209 2910 265 2969 (ui,
276 2913 301 2956 in
313 2925 389 2973 tergo,
408 2929 453 2974 qua
466 2914 583 2973 prom‘uet
599 2912 694 2969 hastile,
707 2915 769 2959 ferro
783 2916 807 2959 iu
823 2912 933 2956 interiora
943 2906 1051 2961 adacto),
1069 2916 1112 2947 suo

68 2981 172 3042 pondere
188 2978 328 3025 inclinatum
346 2981 460 3043 frangitur
473 2999 479 3027 ε
499 2982 623 3028 Homerico
635 3000 707 3030 more.
720 2986 767 3029 Nec
783 2995 860 3027 tameo
872 2980 916 3024 hoc
929 2990 1018 3024 veteres
1030 2974 1112 3018 Gram-

68 3052 144 3096 matici
161 3051 245 3094 animis
261 3052 315 3095 satis
331 3054 421 3114 assequi
439 3054 541 3113 potuisse
559 3052 678 3108 videntur,
692 3066 803 3116 quantum
814 3068 841 3097 ex
853 3049 967 3095 Serriauis
978 3042 1112 3104 fragmentis

68 3118 219 3179 intelligitur;
237 3121 316 3182 itaque
333 3121 365 3165 ibi
382 3121 522 3182 subjicitur:
537 3123 679 3168 uScieudum
690 3136 779 3178 tamen,
798 3121 875 3167 locum
885 3118 948 3162 huuc
961 3130 1008 3160 csse
1021 3112 1051 3156 tle
1062 3110 1112 3165 his,

70 3205 126 3252 quos
137 3189 277 3235 insolubiles
289 3205 358 3253 supra
370 3207 429 3237 vers.
441 3192 485 3238 363
495 3192 602 3238 diximus.
612 3216 622 3235 n
634 3195 760 3241 Suhznmnis
770 3198 845 3256 Sprot.
859 3216 888 3226 -
900 3189 953 3246 413.
964 3183 1112 3248 Vulggfixo·

64 3262 118 3320 fisso
130 3263 210 3308 Heius.
221 3278 233 3307 c
246 3261 331 3308 Medic.
345 3275 368 3308 et
380 3266 463 3309 ceteris
475 3267 640 3313 vetustioribus
653 3270 771 3330 reposuit:
785 3268 816 3312 sic
826 3278 920 3327 quoque
930 3272 1020 3307 veteres
1029 3256 1113 3308 Pierii,

69 3334 110 3378 uisi
122 3333 188 3395 quod
200 3334 225 3377 in
237 3331 288 3378 aliis
300 3332 402 3379 lectione
412 3335 491 3380 abrasa
502 3335 571 3381 modo
577 3338 641 3398 fixo,
654 3339 724 3385 modo
730 3339 809 3401 fracto
820 3337 957 3395 rescriptum
966 3342 1022 3377 erat.
1034 3327 1114 3373 tramit

67 3405 189 3462 prmordia
202 3401 255 3449 ludo
266 3420 301 3466 pr.
314 3406 514 3468 Meuag.-·415.
526 3406 619 3470 pulsant
627 3413 719 3474 Menag.

69 3529 141 3596 piosa
159 3526 259 3579 Statius
277 3531 313 3579 Vl
330 3530 414 3582 Theb.
434 3530 486 3583 633
505 3549 564 3602 sqq.
615 3536 724 3586 interius
744 3545 841 3585 tectum
860 3526 980 3581 rotundae
999 3522 1062 3574 aedis
1083 3520 1111 3569 iu

67 3606 192 3660 Formula
210 3627 320 3678 precum
334 3629 359 3661 r.
374 3611 425 3675 406
439 3610 565 3663 sollenuis
615 3613 774 3665 testudinem
806 3619 1010 3664 concamerata,
1032 3598 1114 3671 fasti-

69 3700 92 3738 et
107 3701 173 3739 nota
186 3689 228 3739 vel
244 3708 275 3739 ex
287 3689 362 3741 lliad.
377 3710 406 3751 a,
420 3691 455 3760 39
468 3708 523 3761 seq.
538 3711 564 3755 t,
613 3693 688 3766 pium
702 3703 740 3742 est
750 3692 777 3742 in
788 3688 862 3741 aditu
874 3699 900 3736 et
909 3703 987 3756 super
997 3682 1112 3735 foribus·

72 3780 117 3834 119
136 3784 213 3837 seqq.
231 3766 326 3839 Odyss.
347 3770 374 3834 d,
395 3770 445 3839 763
465 3787 519 3839 seq.
538 3789 564 3837 p,
615 3802 648 3814 -
661 3772 725 3840 409ss
742 3771 813 3835 sine,
836 3766 915 3829 lucos,
933 3779 962 3818 nt
983 3765 1057 3818 Iliad.
1077 3765 1112 3828 ir,

70 3847 117 3913 240
131 3865 208 3918 seqq.
227 3861 253 3899 et
273 3847 345 3899 alibi.
361 3867 485 3919 prossus,
503 3867 567 3919 pro·
616 3853 680 3918 243,
695 3851 758 3917 2443
776 3850 920 3901 sollennius
940 3859 996 3899 erat
1012 3843 1049 3902 θέε
1064 3865 1111 3910 μί,

70 3927 147 3993 pitia,
167 3940 198 3978 ut
222 3927 285 3980 alibi
305 3931 564 3999 monitum—407.
616 3930 917 4000 da,foc,me.-413.
928 3927 1004 3979 Iliad.
1018 3927 1046 3992 ξ,
1060 3926 1111 3995 437

70 4007 130 4057 auxi
152 4020 198 4059 aut
220 4008 271 4060 alia
295 4009 353 4079 ipse
375 4010 436 4075 tuli,
459 4009 564 4075 addidi,
615 4007 742 4077 κελαινεφὲς
754 4006 803 4076 αἷμ’
818 4008 953 4074 ἀπέμεσσεν.
964 4009 1067 4060 Lucret.
1079 4009 1112 4069 ll,

72 4100 131 4155 aut,
154 4107 212 4157 quae
234 4108 287 4140 vox
306 4108 383 4142 sacra
406 4103 461 4155 est,
486 4093 565 4156 auxi,
611 4085 1114 4163 354Suupuinisexspiranscalidumde

72 4169 164 4239 moxi,
176 4171 299 4242 apposui.
309 4200 345 4212 -
353 4171 415 4239 408.
430 4169 515 4227 tholus
526 4184 566 4226 est
578 4241 582 4245 ‚
613 4180 716 4242 pectore
716 4169 832 4248 flumen.
844 4197 879 4210 -
888 4167 948 4235 415.
959 4166 1054 4236 Georg.
1066 4166 1111 4232 111,
