2700 4822
420 381 658 449 AENEIDOS
680 381 835 447 LIBER
858 372 921 450 IX.

153 510 328 577 Missilibus
339 524 477 574 certant.

153 622 241 684 Parte
251 619 316 684 alia
326 616 516 682 horrendus
526 617 601 681 visu
612 614 788 706 quassabat
801 617 973 682 Etruscam

153 729 279 805 Pinum,
294 743 328 791 et
339 726 514 790 lumiferos
526 724 627 788 infert
638 725 824 788 Mezentius
836 725 937 812 ignis;

152 835 187 897 lt
196 837 372 922 Messapus
385 855 510 922 equum
523 829 682 910 domitor,
696 831 863 919 Neptunia
874 831 1001 919 proles,

152 938 316 1005 Rescindit
327 939 466 1019 vallum,
479 956 512 1002 et
524 938 626 1002 scalas
639 938 673 1000 in
686 938 807 1001 rnoeuia
819 939 937 1025 poscit.

189 1049 273 1125 Vos,
286 1069 308 1110 o
320 1046 482 1133 Calliope,
495 1066 628 1133 precor,
642 1042 807 1131 adspirate
820 1045 967 1123 canenti;

153 1152 233 1234 Quas
245 1151 295 1215 ibi
307 1168 388 1216 tunc
400 1152 490 1215 ferro
503 1166 643 1238 strages,
657 1171 732 1238 quae
744 1150 861 1213 funera
873 1151 1009 1213 Turnus

155 1257 318 1322 Ediderit:
332 1280 434 1346 quem
446 1257 590 1346 quisque
601 1256 711 1317 virum
727 1252 896 1318 demiserit
907 1254 1010 1332 Orco;

156 1363 191 1428 Et
200 1387 335 1429 mecum
347 1363 490 1453 ingentis
503 1384 577 1427 oras
589 1359 733 1425 evolvite
744 1359 840 1423 belli:

178 1526 228 1571 520.
242 1533 332 1570 tenum
339 1540 386 1571 see.
398 1524 524 1581 llotteud„
535 1537 585 1571 tum
597 1524 665 1570 Leid.
679 1524 788 1588 supplet:
798 1525 873 1570 densis
883 1538 935 1569 cum
944 1538 1037 1586 corpore
1048 1530 1137 1571 τωο.-
1146 1523 1200 1571 521.

156 1593 283 1641 lamudam
291 1600 343 1642 tritu
352 1597 399 1642 ni.
410 1623 442 1633 -
455 1595 506 1654 524.
521 1597 669 1642 transcendit
677 1613 698 1640 v.
709 1596 779 1641 codd.
790 1595 916 1642 admodum
928 1597 1013 1641 vetusti
1023 1611 1060 1658 up.
1071 1596 1132 1642 Pier.
1141 1610 1203 1658 proe·

154 1666 226 1710 studit
240 1682 278 1728 pr.
291 1666 377 1712 bloret.
390 1678 414 1712 et
425 1683 438 1712 a
449 1683 480 1711 m.
493 1682 530 1729 pr.
541 1668 602 1712 Veu.
619 1665 666 1711 Sed
677 1665 794 1712 Rescindis
805 1679 881 1721 reete,
896 1677 1003 1727 utsupra
1015 1664 1134 1712 vellebant
1149 1664 1202 1712 val-

155 1733 191 1780 los.
201 1736 233 1780 ud
243 1739 328 1781 moeniu
338 1735 449 1782 nonnulli
460 1738 540 1783 Heius.
554 1750 578 1782 et
589 1739 668 1782 Burm.
681 1752 735 1781 cum
746 1752 792 1782 sec.
804 1736 873 1782 Goth.
885 1762 916 1772 -
931 1736 983 1781 525.
995 1736 1125 1783 Heumann.
1138 1737 1201 1798 conj,

157 1807 206 1862 Vot,
217 1824 231 1853 o
243 1805 364 1870 Calliope,
382 1810 483 1870 graviter
493 1810 524 1855 ob
539 1809 564 1854 id
575 1807 688 1870 vapulant
699 1809 842 1854 Burmanno.
860 1809 926 1853 ldem
938 1819 1057 1853 enotatum
1070 1824 1099 1854 ex
1109 1808 1156 1853 nt.
1170 1833 1202 1845 -

154 1876 196 1922 526.
209 1887 264 1922 tune
274 1879 355 1923 Heius.
368 1895 381 1924 e
393 1879 480 1925 bledic.
494 1893 517 1926 et
529 1879 560 1924 al.
572 1878 664 1940 Vulgo,
679 1887 740 1932 tum,·
750 1878 791 1923 alii
803 1877 1200 1941 cum.fer1otttml)orvill.-527.

154 1947 263 1994 Drut'serit
280 1949 349 1994 multi
368 1963 392 1996 et
410 1951 448 1996 hic
467 1968 506 2013 ap.
525 1952 604 1995 burm.
615 1974 647 1985 -
659 1949 713 1995 528.
733 1948 799 1994 horus
811 1962 858 1995 tres
870 1966 907 2010 ap.
920 1951 1013 2003 burm,
1029 1960 1052 1994 et
1065 1947 1133 1993 Goth.
1147 1960 1201 1994 tert.

155 2015 236 2076 lem,
258 2021 324 2083 quod
342 2020 413 2067 nihili
433 2035 480 2077 est3
494 2024 663 2084 interpretatur
680 2032 759 2066 tamen
770 2019 837 2066 horus
849 2022 918 2066 etiam
936 2018 984 2065 Jul.
1003 2019 1114 2074 Sabinus,
1128 2030 1154 2064 ut
1173 2021 1203 2063 sit

153 2099 248 2154 tenpus,
263 2108 313 2154 quo
331 2092 445 2139 bellatum
461 2107 508 2149 est;
522 2094 564 2140 sed
575 2095 636 2138 Ven.
649 2107 743 2137 caussas
754 2108 762 2136 :
776 2094 811 2137 uti
823 2094 892 2138 etiam
904 2093 928 2136 in
940 2093 1046 2136 Enniano
1059 2105 1126 2136 versu
1138 2089 1201 2148 (rid.

152 2158 210 2221 llot.)
223 2162 337 2209 exhibent
346 2163 466 2210 Diomedis
477 2177 500 2209 et
510 2162 650 2222 Quintiliani
660 2162 714 2207 libri
726 2163 772 2218 Vl,
786 2162 813 2217 3,
826 2162 870 2217 86,
885 2161 1047 2224 ualentique.
1061 2160 1108 2205 Nec
1117 2157 1202 2206 melius

152 2226 185 2275 alii
197 2234 262 2293 conj.
276 2235 331 2277 irus.
349 2249 430 2288 curas3
448 2250 503 2280 uam
514 2250 567 2281 oros
582 2236 713 2279 Ennianum
727 2246 768 2279 est.
780 2233 839 2279 Tum
852 2237 942 2279 eumilo
954 2233 1047 2293 Menag.
1059 2246 1095 2293 pr.
1107 2228 1203 2276 molitu

154 2297 204 2349 alter
222 2303 322 2361 namn,
343 2305 436 2351 frustra.
456 2306 497 2353 vid
515 2306 579 2352 laud.
598 2304 628 2349 ab
645 2305 724 2350 Burin.
740 2304 860 2351 barthium
873 2305 903 2350 ud
914 2303 1080 2350 Statl'l'heb.
1095 2317 1120 2358 η
1139 2301 1201 2351 adde

152 2438 193 2489 rat3
204 2447 304 2501 pugnae
316 2443 392 2482 teetae
401 2433 547 2502 opponitur
558 2448 650 2502 pugna
699 2428 759 2499 527.
773 2429 834 2480 'Alit
851 2398 963 2499 upaieiltv
981 2430 1040 2501 quis
1050 2427 1162 2480 nescit?
1171 2425 1202 2478 si

152 2520 247 2575 aperta.
256 2507 360 2561 -521.
372 2510 454 2580 pinus
463 2511 536 2562 nulla
549 2510 650 2561 aliaest
698 2511 779 2562 modo
796 2531 889 2564 verum
903 2525 956 2576 est,
974 2510 1065 2562 iduum
1077 2527 1134 2562 esse
1146 2509 1202 2559 llo·

152 2601 226 2656 quam
239 2589 354 2655 ardeus,
369 2609 425 2661 quae
436 2611 486 2662 pro
497 2592 558 2643 face
571 2602 647 2641 esset.
698 2610 772 2643 mero
787 2587 897 2657 nisinun.
910 2621 945 2631 -
958 2588 1019 2642 528·
1036 2591 1134 2642 Versus
1149 2590 1204 2640 lln·

178 2667 232 2720 525
252 2688 328 2740 seqq.
350 2672 479 2723 Praeclara
495 2671 569 2722 haec:
584 2671 649 2722 iacit
699 2674 794 2723 nianus
808 2691 838 2724 ex
848 2672 883 2723 Vl
896 2670 992 2725 Arillal.
1004 2670 1070 2722 teste
1080 2669 1200 2721 Muerob.

150 2749 498 2801 enimMusaruminvoeutio
505 2750 649 2821 plurimum

150 2825 179 2877 ad
200 2827 400 2879 convertendos
421 2831 523 2880 animos
542 2832 570 2880 in
584 2831 651 2880 Tur·

148 2921 222 2971 num,
234 2907 283 2977 qui
292 2925 365 2959 nune
376 2908 456 2960 rebus
465 2911 545 2981 gestis
554 2921 611 2961 erat
618 2908 650 2960 il·

148 2983 301 3038 lustrandus
313 3009 319 3037 :
330 2987 411 3039 modo
424 3007 478 3039 non
491 3007 523 3040 ex
533 2990 649 3040 Homero

148 3068 320 3118 omniauimis
326 3067 465 3119 manifeste
473 3081 652 3122 essenttraus·

147 3143 213 3211 lata3
232 3166 250 3198 a
272 3164 327 3216 quo
350 3159 439 3199 tamen
462 3150 571 3200 omnino
589 3149 651 3200 dili-

146 3226 249 3296 gentius
264 3237 387 3276 curatum
399 3238 452 3290 est,
464 3232 508 3292 ut,
522 3246 580 3298 quae
591 3247 652 3280 uar-

146 3307 227 3370 ravit‚
240 3322 298 3355 non
311 3323 343 3357 ex
354 3319 440 3376 poetae
448 3308 570 3378 ingenio,
579 3308 626 3359 sed
635 3328 652 3360 a

146 3398 234 3438 vetere
256 3384 332 3436 fama
349 3387 473 3454 profecta
493 3404 550 3438 esse
573 3387 650 3439 vide·

145 3477 248 3529 rentur,
254 3482 337 3535 quam
345 3466 427 3516 Musae
437 3466 650 3537 suppeditarent.

144 3545 172 3596 ln
186 3544 303 3616 Virgilio
323 3557 418 3612 eontra
431 3548 509 3599 nimis
522 3550 650 3600 manifes-

145 3636 199 3675 tum
220 3636 276 3688 est,
297 3642 329 3675 ex
346 3627 454 3695 poetico
475 3626 588 3679 artificio
605 3642 651 3680 aut

145 3703 264 3755 lormula
276 3707 384 3774 poetica
400 3705 457 3758 haee
472 3725 529 3759 esse
542 3709 649 3758 inserta.

148 3783 174 3837 V
170 3802 197 3836 os
205 3821 215 3848 ,
234 3801 249 3833 o
265 3781 391 3854 Calliope.
410 3786 538 3856 Exempla
550 3786 651 3838 enalla-

146 3883 199 3934 ges,
208 3882 257 3914 seu
265 3863 414 3935 syllepsim,
423 3865 477 3916 vid.
486 3885 528 3936 ap.
537 3866 651 3918 Cerdam

148 3955 173 3993 et
185 3943 268 4004 alios,
288 3957 319 3994 ut
337 3964 423 4016 nuper
435 3947 463 3996 in
476 3947 602 4019 Heusing.
616 3946 651 3999 ad

148 4021 203 4073 off.
215 4023 272 4073 Cio.
287 4024 362 4092 praef.
376 4043 403 4094 p.
419 4025 461 4095 37.

183 4099 243 4154 525.
265 4101 327 4155 vid.
347 4103 423 4158 lliad.
442 4105 472 4171 ξ,
492 4103 542 4159 508
562 4122 603 4177 tq.
616 4135 652 4146 -

698 2752 748 2817 vl,
764 2767 791 2816 1,
805 2764 830 2803 et
840 2749 931 2802 Servio
943 2740 953 2798 i
966 2731 1096 2821 Qui'potis
1111 2747 1202 2821 inpen-

701 2829 732 2880 tis
745 2848 802 2880 oras
813 2828 929 2881 evolvere
944 2822 1140 2880 leiti?·et11inc
1158 2847 1202 2879 ex-

700 2909 875 2979 plicandum:
895 2923 946 2961 oroe
975 2906 1099 2963 videntur
1124 2907 1202 2961 dicte

700 2991 788 3060 simpl.
806 3008 856 3061 pro
873 2989 1008 3061 partibus,
1023 3001 1051 3041 ut
1063 2986 1149 3060 fines,
1169 2987 1203 3041 de

701 3083 757 3120 toto
771 3070 846 3135 loco,
862 3072 957 3141 spatio.
972 3067 1069 3120 bellum
1084 3082 1123 3121 est
1133 3089 1203 3140 pug-

700 3168 749 3214 na,
768 3168 826 3220 quoe
844 3147 980 3222 quomodo
993 3148 1116 3199 omnibus
1135 3148 1203 3200 lucis

700 3247 749 3299 per
759 3242 843 3281 totam
855 3231 940 3282 eciem
950 3230 1022 3281 faeta
1031 3230 1078 3291 sit,
1092 3229 1151 3298 quis
1161 3246 1204 3280 ex·

700 3326 801 3378 ponere
814 3309 915 3378 possit?
930 3303 1054 3375 Ἀργαῖον
1066 3303 1092 3356 li
1098 3326 1129 3371 με
1139 3308 1203 3361 rui*-

699 3407 746 3448 uit,
770 3381 825 3439 &tit
844 3385 887 3450 df,
910 3382 980 3437 πέντ’
1002 3385 1128 3453 impilm
1152 3398 1201 3439 ete.

703 3464 796 3534 (Iliad.
805 3485 839 3530 μ,
856 3463 1124 3534 176).A‹1jectavox,
1137 3462 1205 3515 evol-

700 3563 774 3608 vere,
785 3544 887 3609 verbis,
896 3545 923 3605 in
933 3542 1050 3604 animum
1058 3541 1204 3593 revocabat:

701 3622 827 3673 Turnebo
840 3639 898 3672 oras
909 3620 1020 3672 vestium
1032 3638 1039 3668 z
1053 3618 1126 3689 quod
1137 3619 1204 3673 ulie·

701 3719 765 3751 uum
789 3712 837 3751 est.
859 3700 940 3770 Apud
956 3699 1063 3748 llomer.
1079 3697 1156 3751 lliud.
1170 3701 1202 3767 l,

700 3781 748 3851 371
768 3776 871 3848 γεφύρας
890 3775 998 3844 πολέμοιο
1010 3797 1059 3849 per
1072 3797 1128 3832 oras
1139 3780 1203 3833 illu-

701 3873 798 3926 strant,
809 3878 950 3931 perperam
960 3860 1065 3929 utique3
1078 3877 1140 3911 narn
1150 3860 1203 3911 illu·

701 3955 762 3993 sunt
781 3941 950 3994 intervallum
971 3941 1040 3992 inter
1061 3952 1202 4011 utramque

646 4066 649 4071 .
702 4024 800 4089 aciem,
814 4041 864 4094 qua
880 4033 956 4093 parte
968 4033 1202 4091 propugnatores,

701 4099 834 4174 πρόμαχοι,
842 4103 1200 4183 prodeunt‚sequeinriceut
1262 4146 1263 4149 η
