2700 4822
324 414 578 481 .AENE1DOS
602 415 756 479 LIBER
780 418 842 480 IX.

69 540 220 604 Excutiat
232 538 380 602 Teucros
391 538 491 616 vallo,
505 554 604 626 atque
618 538 768 604 effundat
780 541 813 603 in
825 546 948 628 aeqiror.

70 645 230 721 Classem,
245 668 319 732 quae
331 644 425 708 lateri
436 661 618 708 castrorum
630 643 782 733 adjuncta
794 645 928 722 latebat,

72 749 256 836 Aggeribus
268 767 403 836 saeptam
414 750 538 813 circum
553 766 586 813 et
597 749 784 813 fluvialibus
797 748 910 828 undis,
1084 772 1115 819 7⁰

74 856 217 936 Invadit3
230 858 406 944 sociosque
418 855 569 922 incendia
582 858 687 944 poscit
700 858 842 936 ovantis3

75 965 180 1051 Atque
192 986 328 1026 manum
341 964 421 1049 pinu
435 962 584 1049 flagranti
596 963 744 1027 fervidus
756 963 869 1050 inplet.

76 1068 160 1131 Tum
173 1092 252 1132 vero
265 1068 479 1147 incumbunt;
490 1086 608 1157 urguet
620 1071 792 1157 praesentia
804 1067 925 1145 Turni,
962 1132 965 1143 ,

59 1214 61 1221 -
77 1175 181 1261 Atque
194 1175 303 1237 omnis
315 1173 440 1237 facibus
454 1173 559 1260 pubes
572 1173 756 1261 adcingitur
767 1175 855 1238 atris.

78 1279 249 1364 Diripuere
262 1280 371 1358 focos;
385 1280 515 1366 piceum
529 1280 592 1343 fert
604 1279 730 1343 fumida
744 1281 857 1343 lumen

79 1383 189 1464 Taeda,
204 1402 237 1450 et
249 1387 447 1449 conmixtam
459 1387 624 1451 Volcanus
639 1385 680 1450 ad
692 1404 777 1450 astra
790 1385 942 1450 favillam.

117 1492 198 1572 Quis
212 1489 309 1568 deus,
325 1513 345 1554 o
359 1494 477 1570 Musae,
491 1508 557 1555 tarn
570 1514 654 1556 saeva
667 1491 816 1556 incendia
829 1489 966 1556 Teucris

81 1597 219 1660 Avertit?
230 1612 338 1659 tantos
351 1595 475 1660 ratibus
489 1598 562 1684 quis
575 1596 703 1685 depulit
714 1597 826 1685 ignes?

81 1754 147 1818 idque
154 1771 219 1801 nunc
229 1757 336 1817 reposui;
348 1766 474 1818 utrumque
483 1759 546 1802 Serv.
560 1758 671 1817 agnoscit.
683 1755 761 1802 clauso
770 1756 859 1819 aliquot
868 1772 905 1817 ap.
915 1756 976 1800 Pier.
983 1748 1058 1797 -68.
1069 1749 1120 1795 Ex-

80 1830 142 1871 cuttu
153 1827 203 1871 duo
213 1828 293 1871 Burm.
301 1836 369 1890 utque
381 1827 445 1874 abest
456 1826 553 1873 Dorvill.
561 1827 621 1873 vallo
635 1831 775 1891 Teucrosque
787 1844 806 1874 e.
816 1829 876 1874 Ven.
887 1831 910 1872 in
920 1840 1008 1889 equum
1017 1824 1082 1867 Rom.
1096 1832 1121 1867 et

81 1894 161 1941 lledic.
174 1912 229 1941 cum
239 1896 320 1956 fragm.
334 1898 407 1941 Vatic.
424 1914 437 1942 a
455 1913 486 1941 m.
506 1914 555 1958 pr.,
570 1900 619 1958 pari
634 1898 814 1958 significatione,
834 1899 865 1942 ait
881 1897 958 1941 Heius.
974 1895 1056 1944 Recte,
1075 1905 1120 1935 noo

82 1973 153 2010 tamen
170 1965 254 2010 eadem
270 1981 347 2011 rerum
358 1969 462 2012 notione.
481 1966 551 2011 Aliud
565 1978 611 2022 est,
630 1970 653 2010 r'n
664 1983 753 2030 oequum
767 1965 840 2011 lorum
851 1964 916 2018 elici,
936 1974 961 2008 ut
973 1980 993 2008 v.
1012 1962 1039 2005 5⁵
1056 1973 1120 2021 oequo

80 2047 153 2097 campo
170 2050 195 2078 sc
215 2035 280 2089 dure,
299 2034 363 2080 aliud
381 2038 405 2080 in
423 2051 510 2099 oequor,
525 2051 567 2083 seu
585 2052 685 2098 campos.
701 2037 750 2081 lloc
761 2034 876 2097 vulgatius
893 2036 954 2078 inter
972 2040 1072 2092 poetas:
1090 2024 1120 2070 il-

81 2102 118 2150 lud
135 2108 198 2151 inter
216 2109 341 2168 scriptores
358 2106 513 2154 historiarum.
529 2134 560 2144 —
576 2124 613 2170 7⁰·
623 2118 707 2171 septem
725 2123 797 2162 unus,
816 2104 962 2169 septualius,
983 2114 1006 2147 et
1025 2102 1121 2145 cinctum

81 2173 134 2220 alter
145 2177 212 2221 Voss.
231 2193 268 2237 ap.
281 2178 406 2222 Burmann.
419 2175 520 2223 chusam
536 2179 601 2222 Rom.
614 2202 646 2213 -
657 2193 694 2240 7¹·
707 2192 750 2240 qus
766 2188 817 2239 post
828 2177 898 2221 socrus
910 2171 1014 2218 deletum
1028 2165 1119 2221 malim,

80 2259 128 2290 nam
140 2248 249 2309 infringit
264 2248 388 2293 verborum
404 2252 458 2297 vim.
472 2275 501 2286 ·-·
514 2265 550 2312 7².
563 2249 680 2313 fraqi-auti
690 2249 775 2295 Medic.
789 2264 856 2293 manu
872 2244 969 2291 Dorvill.
983 2241 1049 2304 infert
1060 2239 1119 2285 alios

81 2314 154 2378 legere
164 2319 256 2363 Fabric.
267 2333 353 2364 monet.
367 2321 429 2364 conf.
439 2322 518 2365 Burin.
531 2346 562 2355 —
577 2323 613 2383 75.
625 2321 655 2364 D.
667 2323 737 2365 socios
748 2319 817 2365 Goth.
829 2330 894 2373 tert,
909 2315 1011 2362 indocte.
1020 2329 1044 2375 p.
1055 2309 1125 2373 infert

81 2387 277 2450 Sprot.f.fumum
284 2389 342 2436 alter
350 2391 431 2435 llamb.
441 2406 491 2436 am.
500 2408 613 2454 pr.—77.
624 2391 669 2448 Qui
676 2391 731 2435 deus
738 2389 799 2435 Gud.
808 2406 820 2435 a
830 2405 860 2433 rn.
868 2386 982 2450 pr.—78.
992 2386 1058 2429 tontis
1065 2383 1121 2442 lleg.

82 2520 194 2570 excutiat
222 2521 346 2586 Teucros,
375 2523 530 2575 facultatem
552 2537 578 2576 et

82 2597 187 2647 modurn
207 2598 360 2668 suppeditet
379 2600 501 2651 eliciendi
523 2619 576 2652 eos.

83 2704 114 2713 -
123 2676 165 2728 68.
177 2693 269 2746 oequur
279 2695 434 2747 camporum
444 2677 518 2730 haud
529 2679 578 2730 du-

83 2753 132 2807 bie.

116 2851 157 2904 7u
174 2834 336 2904 Comparant
348 2838 497 2907 exemplum
511 2840 580 2890 Hoc-

84 2915 146 2964 toris
157 2925 183 2965 et
193 2913 275 2964 verba
287 2914 362 2966 lliad.
375 2936 398 2975 ο,
412 2917 463 2985 716
473 2935 531 2986 sqq.
546 2946 580 2956 —-

84 2992 250 3062 7s.serrridus
257 3031 266 3057 ‚
279 2993 437 3064 utfervidus
450 2995 577 3060 instuth,

83 3069 140 3122 350.
154 3073 192 3134 X,
206 3073 256 3139 788
274 3084 300 3122 et
317 3072 350 3124 al.
364 3103 398 3110 -
411 3073 452 3141 74.
466 3073 582 3144 accingi-

84 3159 124 3200 tur
135 3151 256 3215 facibus,
274 3165 407 3216 armatur,
428 3154 580 3220 instruitur,

83 3243 110 3280 ut
120 3231 204 3281 altero
217 3230 278 3281 loco
290 3245 362 3283 recte
372 3231 459 3297 Seru,
472 3246 501 3283 ut
513 3233 580 3284 adeo

84 3310 176 3359 mirum
186 3328 241 3360 non
253 3311 300 3372 sit,
313 3325 420 3380 poetam
433 3329 515 3382 supra
523 3313 580 3378 Vll,

86 3389 130 3456 187
162 3387 229 3439 lituo
255 3391 400 3460 trabeaque
420 3391 581 3442 succinctum

83 3467 186 3520 dixisse.
198 3499 232 3506 —
242 3466 283 3537 75.
291 3468 385 3538 socos,
399 3488 465 3540 quos
477 3490 491 3521 a
501 3473 582 3521 Rutu-

82 3545 111 3598 lis
124 3547 257 3617 extemplo
275 3560 421 3598 exstructos
439 3550 521 3599 fuisse
534 3567 582 3600 co·

82 3627 220 3699 gitandum
227 3642 280 3688 est;
289 3626 411 3697 adeoque
421 3647 491 3680 nunc
500 3628 581 3678 taedas

84 3724 128 3757 seu
140 3708 244 3774 stipites
257 3707 284 3756 in
296 3708 357 3756 foco
374 3706 505 3758 ardentes.
524 3708 582 3757 Hte·

84 3800 140 3837 rent
162 3788 249 3855 intpp.
266 3805 326 3837 curn
340 3787 439 3838 Servio.
454 3789 582 3838 Burman-

84 3882 131 3915 nus
146 3865 224 3914 focos
244 3867 386 3934 agrestium
402 3868 431 3916 in
444 3867 509 3917 vicis
529 3867 581 3916 cir·

86 3947 239 3995 cumvicinis
248 3945 405 3996 advocabat.

119 4041 160 4092 77.
175 4042 234 4094 sqq.
254 4025 397 4089 Fabulam,
417 4043 475 4095 quae
494 4028 583 4096 sequi-

86 4114 140 4173 tur,
148 4102 181 4156 de
189 4103 302 4159 navibus
312 4107 338 4157 in
349 4103 486 4177 Nymphas
495 4119 582 4158 muto-

627 2525 674 2587 tis,
694 2526 821 2594 tanquam
840 2519 997 2581 absurdam,
1008 2528 1034 2569 et
1046 2514 1124 2584 spica

626 2605 755 2674 gravitate
775 2602 909 2672 indignam
929 2595 1124 2668 reprehendere

627 2684 654 2732 in
666 2694 774 2752 pronrtu
786 2694 825 2733 est
837 2703 843 2731 ι
860 2674 1125 2748 etreprchenderunt

628 2781 685 2813 eam
695 2763 784 2825 multi,
798 2764 877 2813 etiam
887 2780 901 2811 e
911 2757 1057 2818 veteribus,
1070 2765 1100 2805 ut
1109 2771 1125 2804 e

627 2841 717 2893 Servio
731 2841 766 2892 ad
778 2860 801 2891 v.
814 2843 846 2893 82
857 2851 945 2911 patet:
959 2833 1127 2907 quandoqui-

629 2920 690 2973 dem
701 2922 802 2973 minore
812 2921 864 2972 boe
877 2919 1000 2970 doctrina
1011 2914 1125 2985 indiget,

630 3019 708 3070 quarn
723 3001 882 3070 argumentis
895 2996 998 3047 idoneis
1009 3013 1066 3044 carn
1077 2990 1126 3042 de-

629 3077 747 3129 fendere.
772 3079 828 3128 Nec
852 3095 901 3128 nos
925 3075 1083 3133 infitiamur,
1110 3087 1128 3120 a

630 3160 727 3208 nostris
735 3156 855 3209 sensibus
864 3169 889 3208 et
897 3149 1126 3226 phantasmatibus

631 3257 688 3289 eam
701 3240 811 3289 nimium
828 3248 955 3307 quantum
971 3232 1125 3284 abhorrere.

629 3317 686 3368 Nec
704 3335 767 3367 vero
781 3316 856 3367 Maro
874 3315 927 3366 hoc
946 3331 1000 3363 non
1020 3328 1127 3380 person·

631 3397 694 3446 sisse
702 3407 726 3445 et
736 3397 792 3465 ipse
802 3393 885 3445 videri
893 3391 980 3443 debet.
990 3391 1046 3439 lloc
1056 3390 1128 3438 enirn

631 3486 703 3538 erat,
720 3494 767 3525 cur
783 3491 853 3524 novo
872 3490 945 3523 more
962 3468 1063 3520 aditum
1076 3466 1127 3518 sibi

632 3551 665 3604 ad
678 3555 858 3603 narrationem
873 3550 999 3607 muniret;
1017 3546 1128 3616 Apollo-

630 3632 667 3681 nii
679 3633 770 3699 utique
783 3627 918 3698 exemplo,
932 3625 978 3677 lib,
996 3626 1041 3690 1V‚
1061 3626 1123 3678 1381

631 3727 705 3778 sqq,
717 3707 864 3759 ubinavem
874 3705 1032 3778 perdeserta
1040 3705 1127 3777 Libyte

630 3787 747 3838 humeris
759 3788 907 3858 Minyarurn
922 3798 1050 3857 gestatam
1063 3803 1127 3836 nar·

631 3879 736 3919 raturus
757 3879 822 3917 erat.
845 3867 932 3916 Potuit
952 3877 1038 3916 autem
1058 3865 1128 3915 inter

630 3960 731 3999 veteres
747 3946 802 3997 haec
820 3945 913 3998 fabula
932 3944 1018 3994 minus
1038 3941 1128 4013 displi-

630 4045 705 4092 cere,
714 4045 796 4096 quum
803 4044 835 4077 ea
841 4039 930 4077 vetere
936 4025 1008 4074 fama
1016 4040 1078 4074 acce
1095 4074 1099 4081 ,

631 4118 698 4160 esset
703 4126 711 4170 5
720 4117 746 4159 et
753 4106 829 4158 Maro
838 4124 896 4159 eam
902 4115 1022 4177 repetere
1028 4118 1065 4175 po
