2700 4822
223 412 264 478 28
470 414 504 477 P.
528 412 760 478 VIRGILII
783 413 1015 481 MAHO'NIS

218 537 262 601 In
274 536 390 600 vestris
402 559 493 624 pono
506 538 653 624 gremiis3
666 553 817 602 revocate
830 555 1015 625 parentem;

224 639 366 706 Reddite
380 659 610 730 conspectum
622 642 704 706 nihil
718 644 774 706 illo
787 643 878 707 triste
891 660 1035 730 recepto.

224 743 303 808 Bina
316 745 402 812 dabo
414 765 550 835 argento
563 748 710 836 perfecta
721 765 820 836 atque
832 771 948 835 aspera
960 748 1062 836 signis

223 854 357 932 Pocula,
373 853 499 919 devicta
511 857 640 943 genitor
652 877 725 943 quae
738 856 825 943 cepit
836 855 967 934 Arisba,

222 959 265 1022 Et
276 958 422 1046 tripodas
435 961 681 1048 geminos3auri
694 959 761 1024 duo
774 983 890 1047 magna
901 961 1038 1039 talenta,
1226 968 1271 1017 ³65

223 1065 356 1128 Cratera
366 1066 553 1154 antiquum,
568 1090 668 1154 quem
681 1065 736 1131 dat
748 1065 881 1131 Sidonia
894 1065 992 1129 Dido.

223 1168 257 1233 Si
269 1191 348 1233 vero
360 1193 478 1258 capere
491 1173 632 1250 Italiam,
647 1173 850 1260 sceptrisque
863 1171 962 1259 potiri

224 1275 406 1363 Contigerit
417 1277 547 1355 victori,
562 1292 595 1340 et
606 1276 727 1364 praedae
740 1277 861 1342 ducere
874 1292 1011 1354 sortem3

175 1400 178 1405 ·
224 1379 357 1459 Vidisti,
372 1404 439 1468 quo
451 1383 584 1446 Turnus
598 1404 699 1470 equo,
714 1382 834 1471 quibus
848 1381 915 1445 ibat
927 1382 961 1444 in
973 1380 1071 1444 armis

257 1538 309 1584 262.
322 1540 414 1585 reducto
423 1540 471 1585 duo
479 1538 563 1586 Moret.
574 1557 602 1586 ex
614 1558 635 1587 v.
649 1542 701 1602 257·
713 1566 745 1575 -
759 1540 811 1587 265.
822 1556 921 1605 pemmos
933 1539 981 1585 duo
992 1538 1084 1593 Burm,
1095 1536 1198 1583 indocte.
1210 1536 1272 1582 Tum

222 1608 315 1654 Potitus
324 1609 390 1653 Obss.
403 1611 426 1663 I,
438 1608 453 1665 4
465 1609 586 1672 distinguit
597 1611 696 1672 tripodas
703 1613 801 1674 qeminos
808 1615 872 1666 ouri,
882 1611 926 1656 duo
936 1624 1015 1673 muqno
1022 1607 1106 1652 talenta
1114 1623 1121 1652 .·
1130 1623 1162 1653 sc.
1173 1609 1271 1668 argenti.

226 1678 273 1724 Sed
284 1681 320 1724 vir
332 1679 413 1725 doctus
425 1682 524 1742 argutias
534 1693 611 1742 captat
623 1684 647 1726 in
658 1697 737 1744 rnoqno
750 1680 850 1727 talento:
861 1681 924 1744 quod
936 1696 983 1724 non
996 1679 1025 1725 ad
1036 1681 1151 1740 poeticam
1163 1678 1205 1736 (cf.
1218 1693 1272 1740 sup.

227 1747 293 1804 ath,
302 1747 368 1807 248),
375 1749 417 1794 sed
426 1748 456 1794 ad
466 1752 594 1795 numanam
602 1749 755 1796 subtilitatem
763 1753 841 1813 exigit,
851 1767 903 1814 qua·
911 1766 924 1795 2
932 1761 1000 1811 poeta
1009 1748 1082 1794 aliena
1091 1759 1132 1794 est.
1140 1749 1198 1792 Tum
1208 1751 1275 1808 otpo-

221 1817 268 1862 das
274 1832 354 1863 aureos
361 1817 471 1880 equidem
483 1823 606 1865 memorari
617 1835 665 1864 non
678 1820 785 1875 memini3
796 1820 837 1865 sed
849 1821 898 1866 fere
908 1835 987 1864 aereos.
995 1817 1084 1863 -266
1092 1817 1140 1871 dot,
1148 1812 1228 1873 idost3
1238 1817 1273 1861 sle

227 1885 269 1930 inf.
280 1890 347 1932 mittit
354 1905 376 1934 v.
390 1887 431 1932 361
442 1904 484 1950 pro
492 1891 558 1934 misit.
569 1890 616 1935 Sed
623 1902 699 1935 crater
705 1906 758 1934 cum
765 1906 834 1936 versu
843 1890 922 1936 abesse
930 1899 1028 1951 poterat.
1036 1887 1120 1932 Deficit
1127 1901 1221 1948 quoque
1231 1901 1275 1930 co-

223 1954 283 2019 ,pula
288 1972 296 2011 ;
307 1955 407 2002 debebat
416 1956 496 2002 saltem
507 1956 602 2014 talento,
612 1967 634 2004 et
641 1960 666 2003 0.
673 1984 704 1994 -
712 1959 765 2021 267.
774 1961 831 2005 Cum
837 1976 889 2005 vcro
901 1976 935 2021 pr.
947 1958 1029 2002 Hamb.
1037 1953 1128 2001 Italiam
1138 1970 1229 2018 capere,
1239 1971 1272 2000 sc.

227 2023 318 2087 aliquot
327 2025 425 2070 Pier.—
431 2025 482 2071 268.
491 2030 585 2075 Servius
594 2028 659 2084 alios,
667 2029 760 2092 dejicere
767 2044 808 2075 seu
815 2031 893 2090 potius
900 2031 935 2088 (ut
943 2030 971 2083 ll,
979 2027 1033 2085 554)
1039 2026 1131 2079 deutra
1139 2027 1170 2069 ait
1180 2024 1273 2085 legere:

228 2096 261 2141 sic
273 2095 381 2158 dejectam
391 2106 474 2142 sortem
485 2100 535 2142 AEn.
548 2100 577 2154 V,
589 2098 643 2161 490.
655 2101 684 2145 At
695 2099 782 2145 Medic.
795 2100 856 2144 Gud.
869 2116 881 2144 a
893 2115 924 2144 m.
936 2115 972 2161 pr.
983 2110 1006 2144 et
1018 2098 1124 2159 prlicit.
1137 2095 1209 2140 dicere
1220 2109 1274 2140 sor-

228 2175 285 2222 tem,
298 2167 362 2229 quod
373 2168 499 2214 admodum
511 2169 589 2232 placet
601 2172 712 2217 Heinsio:
725 2171 783 2218 mibi
794 2185 871 2218 tamen
883 2173 953 2216 nimis
967 2182 1074 2230 argutum
1084 2167 1185 2213 videtur.
1198 2167 1275 2222 Dicit,

228 2237 326 2293 indicit,
337 2251 422 2285 sortem
435 2241 466 2295 is,
481 2243 523 2303 qui
535 2241 648 2287 sortiendi
660 2242 715 2288 facit
726 2255 879 2304 potestatem:
891 2242 939 2288 vid.
952 2242 1030 2287 Heius.
1042 2240 1071 2284 ad
1080 2240 1109 2294 V,
1121 2237 1174 2294 486.
1185 2238 1276 2314 quere

228 2320 308 2355 autem
324 2322 409 2356 sortem
427 2324 496 2373 poeta
514 2315 618 2359 ornatius
636 2313 696 2359 dixit
712 2330 755 2375 pro
773 2313 873 2376 simplici
888 2329 893 2358 :
914 2315 1001 2367 sortiri,
1021 2312 1141 2356 sortitione
1155 2308 1276 2370 dIspertiri

223 2377 340 2440 predam.
351 2404 383 2415 -
396 2381 447 2443 269.
464 2383 558 2429 Vidistis
570 2383 659 2446 aliquot
668 2384 747 2431 Heius.
759 2397 783 2431 et
794 2385 872 2429 Burm.
885 2399 938 2429 cum
949 2379 1053 2427 Maerob.
1064 2381 1108 2435 VI,
1127 2378 1150 2423 6.
1166 2380 1217 2440 quis
1229 2376 1277 2422 ibat

230 2523 319 2562 autem
331 2525 357 2564 et
368 2515 478 2567 fortuna
494 2529 520 2569 et
532 2536 592 2590 spes
608 2521 636 2571 in
656 2520 728 2573 desi·
776 2519 890 2571 Troadis
902 2518 998 2570 Arisba
1008 2512 1143 2586 quomodo
1156 2512 1277 2582 aTroja·

224 2587 391 2644 ¹deratissimi
402 2597 520 2664 parentis
532 2597 619 2648 reditu
631 2601 726 2668 posita.
777 2601 818 2649 nis
842 2601 902 2670 capi
925 2597 1058 2669 potuerit,
1080 2591 1226 2644 dubitatur·
1249 2609 1276 2642 v·

266 2669 325 2721 263.
334 2673 727 2746 Inpraemiispollicendisloeus
776 2677 849 2729 Serv.
860 2676 911 2729 Sed
923 2677 1028 2746 repetiit
1037 2674 1089 2724 hoc
1102 2684 1181 2742 poeta
1194 2689 1226 2722 ex
1236 2689 1278 2722 re·

231 2761 293 2800 ante
306 2752 397 2804 oculos
409 2754 485 2806 Iliad.
497 2777 517 2818 r,
537 2775 583 2808 122
596 2776 670 2830 seqq.
683 2758 728 2810 Sa·
777 2757 842 2822 bue,
856 2773 913 2825 quae
923 2756 1069 2822 Trojanum
1080 2751 1181 2803 bellum
1201 2762 1277 2801 ³⁰1⁸·

229 2831 346 2900 pientius
357 2834 436 2885 etiam
448 2834 505 2887 hec
517 2840 605 2889 omnia
616 2837 729 2891 adorna·
777 2846 926 2886 cesserant:
940 2833 974 2884 de
993 2832 1089 2902 quibus
1109 2830 1143 2880 cf·
1165 2830 1276 2880 Excurs-

228 2919 260 2960 ta
271 2929 287 2960 a
298 2912 418 2983 Virgilio.
427 2915 495 2966 Nam
504 2916 576 2986 apud
584 2919 728 2969 Homerum
777 2912 806 2964 I‘
822 2913 855 2966 ad
875 2913 901 2964 h.
909 2913 933 2963 ·l.
955 2913 1043 2962 Potuit
1055 2912 1134 2981 igitur
1145 2910 1279 2960 narratio·

229 2991 318 3042 minus
326 2991 437 3045 honeste
447 2995 534 3048 Dolon
546 2999 655 3067 premia
664 3015 729 3067 pos·
777 3011 839 3044 nem
852 2992 885 3044 de
897 2993 994 3043 Arisba
1007 2991 1040 3042 ab
1052 2991 1135 3040 ΕΜ
1147 3002 1228 3059 cal)ta
1240 3005 1280 3040 ⁵³*

225 3069 299 3121 -tulat
322 3071 398 3124 Iliad.
422 3093 448 3134 s,
472 3073 520 3126 321
545 3093 604 3146 sqq.
629 3077 729 3127 devicto
779 3074 840 3143 qui,
865 3091 922 3142 quae
942 3090 1002 3124 cum
1023 3069 1144 3140 pluribus
1166 3067 1226 3119 aliis
1245 3067 1278 3119 de

226 3150 334 3221 ¹qenitor
344 3169 403 3223 quoe
414 3152 600 3223 eept'tArisba5
612 3156 651 3206 De
664 3154 729 3206 urbe
776 3153 858 3204 rebus
873 3153 995 3222 Trojanis
1014 3147 1212 3201 narrationibus
1236 3149 1279 3197 in-

231 3227 283 3281 hae
295 3231 367 3282 circa
377 3231 500 3303 Abydum
510 3234 561 3284 sito
572 3252 597 3285 v.
608 3233 729 3304 inprimis
779 3232 893 3284 tercidit.
907 3250 1004 3302 mapna
1022 3227 1121 3280 talenta
1140 3247 1154 3280 e
1172 3228 1281 3297 poetica

231 3306 328 3360 Strabo
340 3311 413 3376 XIII,
435 3331 461 3382 p.
483 3312 532 3363 882
543 3350 551 3376 ,
565 3313 625 3364 883.
639 3310 728 3381 Steph.
780 3313 898 3376 ratione,
909 3324 938 3361 ut
947 3322 1031 3361 ornet.
1045 3309 1126 3371 Nam,
1138 3306 1212 3377 quod
1221 3325 1281 3377 par-

231 3393 337 3462 Byzant.
350 3391 378 3444 h.
390 3412 414 3443 v.
428 3394 520 3463 ibique
537 3393 656 3444 Holsten.
671 3411 731 3443 curn

232 3471 372 3523 Eustathio
392 3471 426 3523 ad
446 3473 522 3523 varia
543 3473 650 3523 Homeri
671 3471 732 3522 loca

232 3549 307 3601 Iliad.
317 3551 347 3610 β,
362 3550 411 3618 837
427 3564 453 3601 et
472 3550 505 3601 al.
525 3550 675 3602 Difficultas
686 3549 731 3601 lric

227 3630 262 3679 -in
271 3647 303 3680 eo
313 3631 397 3693 inest,
411 3628 484 3699 quod
493 3631 605 3694 Arisba,
618 3627 730 3681 Troadis

227 3707 314 3773 urbs,
326 3708 448 3775 Trojanis
459 3709 556 3761 auxilia
566 3709 600 3760 ab
612 3709 675 3760 Asio
685 3709 732 3760 atl-

224 3788 318 3839 ducta
337 3789 417 3838 misit.
438 3788 558 3840 Eandem
577 3790 611 3841 ab
629 3788 732 3839 Achille

236 3883 356 3918 eversam
364 3884 420 3917 esse
431 3866 535 3918 Servius
544 3867 633 3932 tradit,
642 3870 732 3918 nescio

237 3963 291 4016 qua
310 3947 483 3997 auctoritate:
497 3945 545 3996 sed
563 3948 585 3996 si
602 3965 656 4016 qua
667 3948 733 4011 fuit,

781 3404 819 3443 tes
831 3391 859 3440 in
872 3407 899 3441 se
912 3390 1042 3452 continet,
1057 3399 1141 3437 totum
1153 3404 1282 3458 maynum

781 3482 822 3522 est
836 3482 958 3539 respectu
968 3468 1084 3539 partium
1094 3488 1100 3515 ι
1112 3484 1137 3516 v.
1147 3464 1182 3516 ad
1191 3464 1238 3515 lib.
1250 3467 1281 3529 V,

783 3549 845 3614 248.
855 3551 957 3600 Cratera
966 3560 1055 3600 autern
1065 3545 1218 3616 antt'quum,
1231 3546 1280 3595 lnt.

784 3632 894 3700 antiquo
910 3647 999 3700 opere.
1009 3657 1044 3666 -
1054 3627 1113 3695 267.
1127 3625 1208 3676 Color
1223 3644 1284 3677 ora·

784 3711 863 3761 tionis
871 3727 903 3760 ex
909 3710 1026 3758 Homero
1034 3704 1127 3755 eadem
1135 3706 1162 3754 in
1169 3724 1198 3756 re
1204 3703 1280 3756 Iliad.

783 3809 805 3850 r,
822 3785 869 3840 135
887 3804 962 3856 seqq.
983 3801 1074 3854 capere
1085 3780 1195 3833 Italiam
1207 3803 1283 3855 mag-

783 3867 874 3933 nifice,
883 3868 904 3917 si
913 3865 1002 3918 sedern
1011 3865 1139 3928 obtineat,
1151 3877 1177 3916 et
1186 3878 1283 3916 terram

783 3949 811 3998 in
826 3948 916 4009 Latio,
934 3962 1014 4014 quam
1029 3943 1179 3995 inhabitent
1190 3944 1285 4012 Troja-

238 4023 274 4075 ad
295 4024 418 4076 Arisbam
436 4025 464 4074 in
483 4025 571 4076 insula
593 4025 679 4099 Lesbo
703 4045 736 4078 ea
783 4028 828 4091 ni,
848 4038 875 4076 et
885 4024 1003 4096 praedam
1016 4024 1118 4087 sortiri,
1131 4022 1283 4092 dispertiri,

227 4115 370 4175 ¹spectasse
400 4103 514 4157 ridetur.
545 4105 644 4158 Nostra
672 4123 735 4158 vero

786 4105 933 4178 contigerit.
946 4134 979 4145 -
991 4103 1049 4176 269.
1062 4103 1169 4155 Turnus
1178 4121 1285 4168 aureus,
