2700 4822
148 381 190 460 st
396 378 940 449 1³,v1aorn11uaaoms

145 503 274 568 Diversi
287 505 555 594 circumspiciunt
568 530 574 568 :
588 504 653 570 hoc
667 507 773 570 acrior
785 507 874 571 idem

146 608 231 672 Ecce
244 609 331 674 aliud
345 635 472 675 summa
484 613 587 676 telum
601 611 740 675 librabat
751 612 792 676 ab
805 636 899 692 aure;

144 714 234 776 Dum
246 716 425 803 trepidant,
439 718 476 780 iit
488 718 579 782 basta
590 720 682 805 Tago
695 741 756 804 per
767 734 899 805 tempus
912 734 1090 807 utrumque

145 818 305 900 Stridens,
320 823 521 912 trajectoque
535 823 628 887 haesit
641 824 802 910 tepefacta
815 822 961 887 cerebro.

145 922 242 989 Saevit
253 943 345 991 atrox
358 928 528 1008 Volscens,
542 953 603 993 nec
615 930 672 993 teli
686 929 847 1017 conspicit
861 951 1002 1017 usquam
1142 940 1188 996 420

144 1031 335 1111 Auctorem,
350 1058 411 1099 nec
424 1058 490 1123 quo
503 1058 537 1100 se
549 1034 667 1100 ardens
681 1036 848 1098 inmittere
860 1034 974 1122 possit.

149 1137 228 1200 «Tu
239 1154 349 1203 tamen
362 1141 486 1205 interea
498 1140 604 1206 calido
618 1141 698 1204 mihi
712 1141 870 1227 sanguine
883 1161 995 1227 poenas

146 1242 316 1307 Persolves
328 1245 514 1326 amborum,
529 1247 651 1336 inquit,
665 1276 677 1304 n
694 1246 792 1310 simul
805 1244 1022 1309 cnserecluso

146 1346 218 1410 Ibat
230 1349 264 1410 in
277 1351 472 1439 Euryalum:
488 1371 558 1416 tum
569 1375 648 1416 vero
662 1352 847 1430 exterritus,
861 1372 989 1429 amens,

147 1453 336 1519 Conclamat
349 1458 459 1536 Nisus3
473 1481 534 1522 nec
547 1481 581 1522 se
595 1459 700 1522 celare
713 1456 857 1521 tenebris

147 1561 311 1647 Amplius,
324 1580 380 1627 aut
392 1581 517 1628 tantum
531 1566 638 1652 potuit
650 1564 797 1651 perferre
810 1562 979 1626 dolorem:

152 1694 166 1724 «ι
179 1668 249 1746 Me,
263 1691 330 1746 me,
344 1667 474 1750 adsum,
489 1671 546 1759 qui
559 1670 636 1748 leci,
651 1670 685 1731 in
697 1692 750 1732 me
763 1668 944 1732 convertite
957 1667 1098 1746 ferrum,

150 1771 180 1835 Ο
192 1774 317 1836 Rutuli!
332 1798 404 1839 mea
417 1777 504 1840 fraus
517 1776 639 1854 omnis;
653 1774 735 1838 nihil
747 1775 808 1837 iste
820 1796 881 1838 nec
893 1794 1003 1850 ausus,

179 1956 233 2014 426.
245 1960 289 2004 Hic
300 1975 314 2005 a
326 1977 366 2023 qu.
377 1961 473 2017 Moret,
483 1962 525 2008 sed
535 1974 582 2008 est:
593 1973 658 2007 tanto
668 1963 756 2015 acrius,
766 1960 830 2023 quod
841 1972 863 2006 et
872 1959 983 2012 latuerat,
996 1970 1021 2002 ut
1030 1959 1105 2003 Servii
1115 1957 1190 2004 verbis

150 2038 214 2082 utar,
225 2040 247 2073 et
255 2029 319 2091 quod
327 2033 346 2075 ei
355 2033 443 2092 primus
450 2048 560 2094 prospere
569 2044 667 2077 cesserat
673 2033 756 2092 jactus.
765 2033 839 2075 acrius
849 2028 934 2074 llledie.
948 2039 971 2072 et
980 2043 992 2071 a
1002 2042 1032 2070 m.
1043 2042 1079 2088 pr.
1091 2027 1152 2071 Gud.
1159 2050 1191 2061 -

149 2096 203 2157 427.
216 2096 284 2142 telum
295 2115 382 2144 summa
390 2100 478 2163 aliquot
490 2103 568 2147 Heius.
583 2114 606 2147 et
615 2103 692 2145 Burm.
704 2103 736 2144 lix
746 2100 826 2145 iisdem
840 2111 862 2144 et
872 2099 932 2143 Pier.
943 2112 995 2159 pars
1006 2111 1011 2140 :
1023 2095 1127 2141 vibrabat
1137 2112 1191 2141 cum

148 2167 218 2213 Goth.
232 2181 283 2214 tert.
297 2184 320 2216 et
331 2172 376 2216 Eri.
390 2174 436 2220 Sed
447 2176 471 2218 in
480 2172 689 2227 emendatioribus,
698 2175 730 2217 ait
738 2174 835 2225 Pierius,
844 2167 1015 2231 lilrrabot‚quod
1024 2180 1046 2212 et
1054 2167 1190 2229 elegantius.

149 2261 180 2271 —
191 2236 244 2292 428.
257 2241 282 2283 iit
291 2257 318 2285 en
328 2242 393 2286 Leid.
406 2255 429 2288 et
440 2245 524 2288 Moret.
537 2258 583 2288 sec.
595 2244 673 2287 lIeins.
687 2244 799 2287 adscivit:
812 2253 873 2286 extat
883 2252 959 2285 tamen
967 2241 1014 2300 jam
1025 2240 1049 2282 in
1062 2237 1116 2283 edd.
1128 2253 1191 2282 non·

149 2305 228 2351 nullis.
236 2309 313 2353 Burm.
323 2311 387 2356 addit
397 2312 448 2357 cod.
460 2314 534 2374 Bigot.
547 2312 623 2373 Vulgo
633 2311 717 2357 lectum
726 2315 754 2366 it,
765 2328 796 2357 sc.
807 2322 925 2356 contracte
935 2324 977 2369 pro
987 2309 1040 2363 ivit,
1051 2319 1074 2352 et
1082 2305 1120 2352 illa
1129 2308 1191 2351 anti-

149 2379 219 2438 quior
231 2380 304 2425 forma
317 2399 329 2428 e
345 2385 509 2429 vetustioribus
519 2396 610 2447 poterat
622 2386 714 2429 servari.
732 2382 906 2443 lnterpolarunt
917 2377 1024 2424 nonnulli
1041 2380 1101 2441 itque
1114 2380 1137 2422 in
1150 2376 1189 2423 alt.

149 2448 231 2494 Hamb.
243 2452 304 2497 volat
315 2452 379 2499 hosta
390 2458 415 2500 in
428 2455 539 2501 Montalb.
553 2468 576 2501 et
587 2455 650 2517 apud
662 2457 771 2501 Priscian,
784 2454 849 2498 hasta
862 2461 956 2496 tremens
966 2453 1039 2512 bigot.
1050 2464 1092 2511 per
1104 2458 1190 2512 tempus

58 2526 61 2531 '
150 2528 269 2585 utrumque
278 2528 350 2587 Asper
362 2529 527 2573 Grammaticus
540 2529 658 2589 exposuit:
672 2530 729 2570 inter
737 2535 752 2569 t.
761 2536 829 2581 v.‚ut
840 2527 904 2570 Serv.
915 2518 1081 2581 notat-419.
1091 2523 1140 2565 exit
1147 2536 1190 2582 pro

149 2588 214 2636 ltoest't
222 2593 314 2639 Vratisl.
327 2622 357 2630 —
366 2596 419 2652 420.
432 2596 521 2643 volvens
530 2598 599 2643 Goth.
607 2610 659 2643 tert.
669 2596 717 2641 telis
726 2593 824 2642 Dorrill.
836 2609 942 2657 umqttum
951 2590 1036 2636 Medic.
1049 2606 1061 2634 a
1071 2605 1102 2633 m.
1113 2605 1149 2651 pr.
1159 2613 1191 2625 -

148 2658 203 2715 422.
213 2678 258 2724 qrto
268 2665 349 2710 ardens
360 2681 384 2710 se
396 2666 447 2712 Ald.
459 2680 482 2714 et
491 2668 560 2713 Goth.
570 2684 616 2713 sec.
630 2692 661 2703 -
672 2666 725 2723 423.
737 2666 785 2726 infit
794 2665 859 2709 Leid.
868 2676 890 2709 et
897 2663 955 2708 alter
967 2662 1058 2720 Menag.
1069 2659 1099 2705 cf.
1110 2660 1189 2705 lleins·

149 2743 172 2775 et
185 2732 262 2779 Burni.
278 2750 330 2780 erese
343 2735 429 2782 recluso
439 2754 446 2782 .·
458 2738 593 2784 credibilius
610 2750 656 2791 est,
668 2739 700 2783 ait
715 2738 872 2788 Burmannus,
885 2734 934 2788 hie,
949 2731 989 2776 ubi
1003 2732 1050 2791 jam
1060 2745 1139 2791 pugna
1149 2732 1190 2784 sit,

150 2816 228 2847 ensem
244 2806 292 2865 jam
310 2808 412 2852 strictum
432 2808 539 2853 babuisse
555 2806 717 2861 Volscentem,
735 2818 758 2851 et
774 2805 829 2850 binc
845 2804 940 2864 conjicit
958 2800 1002 2860 leg.
1019 2815 1071 2844 ense
1081 2800 1191 2845 reducto:

148 2874 213 2934 quod
225 2891 301 2936 perse
314 2893 361 2922 non
374 2880 516 2942 improbem:
529 2880 620 2925 reducit
633 2881 694 2923 enim
707 2893 785 2923 ensem
795 2888 818 2922 et
828 2877 847 2920 is
860 2875 900 2936 qui
913 2872 992 2926 caedit,
1012 2882 1035 2916 et
1046 2873 1065 2915 is
1077 2873 1118 2932 qui
1130 2887 1190 2934 pun·

149 2942 196 3004 git:
209 2948 242 2991 uti
253 2946 339 2992 hastam
350 2950 389 3010 qui
400 2951 513 3004 immittit,
532 2967 554 2995 v.
572 2966 592 2993 c.
609 2948 651 2992 inl.
669 2949 712 3002 xl,
724 2947 776 2991 605.
794 2945 839 2990 606
850 2957 872 2990 et
883 2959 919 3004 ap.
931 2940 998 2990 Ovid-
1013 2941 1069 2985 Met·
1080 2941 1134 2996 ΧΠ,
1150 2942 1188 2985 ¹3¹

148 3013 250 3061 Achilles
261 3018 333 3081 Cygni
346 3035 371 3064 os
383 3019 458 3080 pulsat
470 3018 539 3082 clipeo
550 3020 653 3073 reducto,
665 3034 697 3064 sc.
708 3019 800 3079 quoties
812 3017 959 3076 impingeret,
970 3023 1033 3057 retro
1044 3010 1134 3056 ferebat
1147 3009 1190 3056 cli·

149 3099 232 3145 peum,
245 3098 271 3131 ut
285 3090 344 3133 vires
356 3088 483 3149 colligeret.
496 3091 525 3135 cf.
541 3091 583 3135 inl.
602 3090 634 3145 X,
654 3088 705 3133 552.
717 3087 763 3132 Sed
775 3084 838 3131 nulla
853 3084 929 3129 adhuc
941 3096 1017 3144 pugna
1030 3093 1071 3127 est.
1081 3081 1190 3127 Trahitur

148 3156 252 3214 captivus
264 3156 387 3219 Euryalus,
399 3161 487 3204 interea
499 3176 527 3205 ex
539 3159 631 3204 occulto
641 3157 733 3204 advolat
748 3157 821 3202 basta.
833 3181 864 3190 -
875 3153 929 3210 425.
940 3151 1037 3198 celerare
1053 3167 1088 3212 pr.
1109 3151 1189 3196 llamb.

150 3219 226 3268 latebis
238 3226 298 3270 Ven.
310 3252 341 3260 —
350 3226 402 3283 426.
414 3227 475 3273 haud
484 3237 571 3273 tantum
579 3231 658 3273 Frane.
671 3239 695 3272 et
704 3226 774 3271 Goth.
787 3242 822 3287 pr.
832 3226 896 3286 potui
903 3223 941 3268 ed.
948 3224 1012 3265 Junt.
1019 3223 1093 3282 potuit
1106 3229 1190 3265 tontum

149 3294 218 3339 Goth.
229 3311 274 3342 sec.
288 3323 319 3333 -
330 3298 383 3361 427.
390 3300 440 3362 feci
447 3304 517 3364 inquit
524 3300 644 3354 Parthas,
654 3301 759 3362 pessime.
774 3299 812 3343 Sic
820 3312 907 3342 summa
916 3309 995 3341 versus
1005 3295 1038 3339 vis
1048 3292 1189 3355 infringitur.

150 3389 181 3399 —-
192 3365 246 3422 428.
261 3385 331 3434 neque
347 3387 368 3415 o.
385 3373 449 3417 llom.

150 3505 200 3561 506
227 3507 331 3581 imaque
355 3510 432 3585 lonqo
451 3512 505 3565 Ilia
525 3511 644 3584 sinpultu
694 3530 737 3563 sus
751 3510 859 3582 Hippol.
881 3525 927 3560 22ι
952 3503 1019 3573 nepai
1033 3504 1190 3571 χῶταν-ξαν-

150 3586 267 3639 tendunt.
692 3587 741 3643 bair
753 3592 819 3658 ῥίψαι
828 3587 1007 3653 diane-418·
1022 3587 1082 3655 429.
1096 3588 1191 3636 Home·

183 3664 243 3730 416.
267 3669 444 3722 Pacuvianum
467 3671 560 3724 laudat
587 3673 644 3722 Ma·
693 3665 1061 3732 ricumvulnus,v.c.lliad.
1078 3667 1107 3726 d,
1125 3664 1189 3728 502,

149 3744 223 3795 crob.
246 3748 295 3811 Vl,
320 3766 329 3798 1
355 3751 457 3803 Diversi
476 3751 646 3821 circumspici·
694 3753 826 3821 etv,473.
841 3749 985 3820 tepefacta:
1000 3765 1069 3816 saepe
1082 3746 1189 3809 ibidem,

149 3843 222 3875 mus:
237 3823 329 3877 horror
334 3829 560 3899 percipit—417.
573 3849 645 3880 sum·
693 3831 769 3883 Iliad.
791 3849 822 3889 rr,
843 3828 903 3880 333.
917 3857 951 3864 -
963 3826 1022 3891 422.
1044 3824 1149 3876 Servius
1166 3835 1191 3876 et

150 3920 194 3951 ma
208 3901 289 3953 telum
302 3903 414 3955 librabat
424 3908 456 3956 ab
468 3926 539 3957 aare.
551 3908 644 3980 Cogita
692 3909 812 3962 Macrob.
834 3909 895 3971 Vll,
916 3924 941 3970 1,
960 3925 1022 3976 pag.
1047 3904 1096 3972 572
1120 3905 1189 3973 Lips.

150 3993 248 4033 statum
265 3983 392 4035 vibrantis
408 3985 525 4050 hastam,
543 3987 645 4040 elevata
693 3988 804 4041 laudant
812 3987 927 4038 exEnnii
937 3984 1033 4035 Annal.
1043 3983 1068 4046 l,
1081 4002 1146 4037 vtum
1155 3979 1190 4031 mi

151 4081 167 4112 a
186 4062 278 4112 dextra
297 4066 389 4132 capitis
408 4077 483 4134 parte
499 4083 587 4116 manu.
605 4067 644 4118 De
694 4067 779 4120 calido
791 4069 835 4118 das
844 4065 971 4137 reliquiae
980 4081 1079 4134 poenas.

151 4143 245 4196 eodem
259 4145 429 4216 accipiendus
441 4146 574 4219 Euripidis
589 4166 646 4200 ver·
729 4146 780 4218 424
789 4146 972 4219 sqq-Observa
979 4141 1023 4195 hie
1030 4139 1189 4195 incalescere
