2700 4822
424 373 658 440 rEb'EIDOS
681 376 834 442 LIBER
858 378 920 443 tx.

153 496 284 576 Albani3
296 512 369 560 turn
380 519 437 561 rex
448 498 575 563 stabula
586 498 649 562 alta
663 501 797 565 latinus
809 500 959 566 habebat.

154 605 199 667 Ut
208 604 313 681 stetit,
328 619 360 667 et
372 603 492 667 frustra
504 603 675 668 absentem
687 608 828 693 respexit
839 609 999 672 amicum:

160 709 338 797 :Euryale
352 708 464 771 infelix
477 731 542 796 qua
554 725 587 772 te
599 712 733 797 regione
745 713 883 801 reliqui?
1147 732 1193 791 s9o

155 815 266 896 Quave
277 816 417 902 sequar?
426 843 440 871 a
456 837 569 879 rursus
581 817 774 904 perplexum
786 818 848 882 iter
860 841 958 883 omne
971 819 1144 886 revolvens

156 1011 277 1056 llonranus.
290 1013 381 1056 Pierius
392 1011 451 1057 nihil
463 1015 570 1059 monuit:
584 1011 626 1058 sed
641 1028 685 1058 uec
697 1011 765 1060 aliter
777 1013 817 1060 ille
828 1013 911 1076 legisse
922 1032 949 1061 ac
960 1017 1072 1079 reperisse
1084 1014 1193 1061 ridetur:

154 1095 204 1125 narn
213 1085 246 1127 sic
257 1082 308 1128 iere
316 1094 373 1128 vett.
385 1082 440 1128 edd.
452 1099 545 1136 ornnes,
565 1099 623 1146 quas
638 1085 736 1145 inspexi.
749 1086 797 1130 b'ec
807 1083 869 1129 lactes
880 1088 924 1131 nisi
933 1086 963 1131 ab
976 1085 1137 1131 emendatione
1148 1087 1191 1130 riri

155 1151 215 1196 docti
230 1152 375 1214 proiectum,
387 1169 456 1215 quem
470 1155 507 1199 Jo.
520 1156 585 1215 Bapt.
597 1155 718 1214 Egnatium
730 1154 800 1200 fuisse
816 1155 927 1205 arbitror.
940 1157 965 1200 iu
980 1158 1047 1216 eujus
1056 1156 1193 1200 recensione

155 1225 251 1284 primum
264 1222 326 1268 lacus
338 1241 471 1287 expressum
483 1226 644 1288 deprehendi:
661 1226 725 1287 quod
745 1238 875 1288 sequnntur
891 1225 995 1271 Pulman.
1014 1224 1093 1287 steph.
1112 1225 1192 1269 licius.

156 1294 297 1340 literarium
306 1295 389 1349 codd,
401 1298 444 1341 nisi
455 1296 520 1358 quod
532 1294 639 1340 nonnulli
652 1294 713 1340 lucos
726 1295 761 1340 vel
773 1293 837 1340 lucus
848 1297 929 1340 vitiose
940 1294 1062 1347 exhibent,
1074 1292 1135 1339 locro
1144 1294 1190 1338 rrf.

156 1363 202 1407 Jarn
213 1365 238 1407 in
250 1362 352 1408 lectione
361 1362 417 1409 illa:
431 1363 493 1409 licus
505 1381 586 1426 magna
596 1365 714 1410 suboritur
726 1364 862 1419 difficultas,
874 1367 893 1409 si
903 1365 1007 1410 locontm
1016 1365 1085 1408 situm
1097 1376 1191 1424 compa·

157 1443 189 1477 ret
202 1431 286 1494 aliquis
304 1434 348 1490 (cl.
365 1449 416 1496 sup.
434 1437 485 1479 Not.
504 1435 533 1480 ad
550 1453 571 1480 v.
593 1437 654 1494 195).
674 1437 747 1479 Licus
757 1437 818 1479 eninr
828 1435 929 1481 Albanus
939 1436 1007 1480 nimis
1016 1432 1084 1495 longe
1095 1449 1107 1477 a
1117 1445 1192 1478 castro

156 1504 304 1566 Trojanorum
316 1520 359 1550 seu
374 1518 433 1551 uota
442 1508 524 1568 Troja,
536 1509 655 1569 quaternis
671 1506 750 1551 saltem
768 1506 853 1561 leucis,
870 1507 944 1559 abest.
957 1523 1026 1570 qnam
1035 1518 1061 1549 ut
1069 1507 1129 1550 iutra
1139 1505 1191 1549 exi-

158 1589 233 1633 guum,
254 1575 427 1636 quodamedia
437 1590 505 1622 nocte
515 1577 544 1621 ad
554 1577 601 1622 dici
612 1589 688 1621 ortum
697 1589 830 1638 supererat,
843 1576 990 1623 intervallum
1007 1593 1035 1622 eo
1048 1588 1191 1637 usquepro-

159 1659 243 1691 currere
253 1659 277 1692 et
286 1648 371 1692 iterum
381 1647 437 1693 iude
446 1647 514 1693 silvas
523 1648 599 1693 redire
609 1660 686 1710 posset
693 1649 768 1693 Nisus.
777 1649 859 1694 lluaeus
868 1651 959 1711 itaque,
971 1664 1041 1710 quern
1051 1662 1113 1692 nunc
1122 1644 1192 1690 rideo

160 1714 213 1760 adh.
224 1717 240 1760 l.
251 1717 391 1772 offendisse,
404 1717 462 1764 locos
471 1720 577 1780 prtrfert,
588 1731 614 1763 ut
626 1735 679 1780 pars
688 1718 765 1781 aliqua
776 1722 824 1780 agri
833 1719 916 1764 Albani
932 1723 973 1775 sit,
985 1721 1025 1782 qui
1036 1731 1084 1763 tunt
1094 1718 1153 1762 lorte
1163 1731 1192 1761 eo

160 1787 290 1844 pertinebat.
303 1789 427 1834 Enimvero
436 1805 483 1834 non
494 1792 583 1834 minore
594 1788 731 1834 difficultate
741 1789 791 1834 haec
799 1792 848 1850 ipsa
858 1790 928 1835 lectio
938 1791 1058 1851 premitur.
1068 1789 1098 1831 Ut
1108 1801 1193 1832 conce-

159 1854 201 1901 datu
208 1857 267 1904 locos
276 1872 370 1920 poetam
379 1859 470 1915 dicere,
478 1861 519 1905 ubi
530 1859 630 1921 vulgaris
639 1863 714 1907 oratio
724 1859 771 1905 loca
779 1859 911 1922 postulabat
920 1862 959 1919 (cl.
970 1876 1020 1922 sup.
1031 1860 1049 1913 1,
1060 1857 1112 1903 306.
1122 1856 1191 1911 365),

160 1936 225 1972 uuen
235 1944 284 1973 non
297 1941 342 1984 est,
355 1929 419 1990 quod
429 1933 510 1985 sciam,
525 1929 587 1975 ullus
597 1929 709 1993 loquendi
720 1946 780 1985 ntus,
798 1946 846 1992 quo
856 1929 904 1975 hice
914 1929 1004 1975 Athana
1013 1927 1125 1990 appellari
1134 1939 1191 1987 pos-

159 1997 202 2043 tint.
212 1999 314 2060 Agrum,
324 1999 415 2055 collem,
425 2014 448 2046 et
457 2001 540 2047 similia
548 2004 651 2064 requiro.
662 2004 727 2047 Unus
735 2001 782 2046 tut.
791 2002 890 2047 Sabinus
897 2015 943 2057 est,
956 2004 997 2064 qui
1004 2001 1033 2045 ad
1040 2000 1116 2044 locum
1127 1998 1190 2042 hune

159 2071 272 2131 quicquam
287 2073 417 2117 notaveritt
431 2093 441 2112 α
448 2081 516 2135 atqtoe
526 2070 597 2126 locos,·
608 2087 662 2116 natn
671 2087 757 2117 nomen
767 2070 812 2117 loci
823 2074 895 2129 Latii,
907 2073 936 2118 ab
945 2073 1056 2133 irnperio,
1068 2067 1191 2131 quoderat
1247 2112 1255 2119 ,

160 2139 242 2195 utba,
253 2141 337 2186 Albani
350 2142 419 2196 dicti;
431 2141 498 2187 aliter
514 2158 562 2186 non
578 2154 622 2187 stat
637 2157 744 2188 sensus.»
756 2141 838 2187 Paullo
848 2143 968 2188 obscurius
982 2141 1031 2186 baec
1042 2139 1110 2184 dieta.
1130 2135 1191 2181 Mihi

158 2210 255 2269 quidem,
268 2212 344 2258 donec
355 2213 383 2258 de
393 2213 451 2258 locis
460 2211 553 2258 Albanis
563 2212 659 2258 meliora
669 2212 780 2267 edocear,
793 2211 855 2258 lacus
865 2211 950 2257 Albani
957 2209 1095 2274 prafereudi
1104 2207 1188 2254 viden·

158 2289 202 2326 tur:
215 2280 277 2326 taus
294 2285 363 2327 toties
375 2285 399 2327 in
412 2281 470 2328 locos
479 2283 574 2328 abiere:
591 2298 634 2328 nec
650 2283 710 2328 adeo
726 2285 811 2328 morosi
827 2299 876 2329 esse
892 2283 1015 2336 debemus,
1032 2279 1189 2342 quominusin

155 2363 214 2408 poeta
223 2354 325 2398 feramus
334 2370 426 2399 cursum
443 2356 491 2399 Nisi
500 2353 581 2415 paullo
591 2353 650 2399 ultra
658 2357 733 2416 justus
743 2355 827 2400 limites
836 2355 989 2416 productum,
1006 2367 1077 2415 quum
1092 2350 1187 2395 omnino

156 2414 237 2482 longius
253 2439 324 2469 cursu
341 2436 447 2468 evectum
463 2423 534 2469 vellet
550 2424 692 2484 significare3
703 2424 810 2480 tandem,
822 2427 841 2470 si
851 2426 880 2470 ad
890 2424 965 2470 lacum
978 2423 1110 2485 pervenisse
1122 2420 1189 2464 Nisus

157 2487 245 2548 dicitur,
255 2508 304 2538 non
314 2492 360 2538 boc
368 2495 400 2538 its
409 2494 539 2555 urgendum
551 2506 584 2539 est
589 2528 597 2549 ‚
612 2507 638 2539 ut
647 2496 672 2539 in
681 2497 730 2556 ipsa
741 2498 792 2557 ripa
800 2495 900 2541 baeserit.
910 2497 934 2541 Si
943 2507 1021 2540 tamen
1030 2511 1042 2539 a
1051 2503 1126 2555 poeta*
1134 2503 1190 2534 nos·

155 2563 177 2605 tri
185 2563 281 2609 subacto
291 2565 383 2624 judicio
392 2565 495 2610 alienum
504 2564 549 2610 hoe
559 2581 608 2611 esse
618 2566 750 2611 videbitur:
763 2566 876 2612 utendum
892 2567 991 2611 arbitror
1005 2563 1075 2609 alters
1086 2561 1188 2607 lectione

155 2627 220 2690 lacos,
233 2648 259 2681 ut
270 2637 383 2697 scripturn
393 2648 484 2698 apoeta
499 2649 597 2682 statuam
608 2653 613 2682 ε
625 2638 665 2682 Ad
674 2635 734 2683 lucos
749 2638 773 2683 h.
791 2650 929 2699 pervenerat
939 2653 1011 2700 usque
1021 2635 1051 2680 ad
1060 2634 1138 2678 lucum
1148 2629 1188 2674 Al·

152 2697 230 2748 banurn
247 2706 345 2751 dictum.
363 2708 441 2751 Potuit
456 2708 475 2752 is
491 2705 583 2768 longius
592 2723 730 2768 procurrere
740 2724 746 2753 t
760 2720 783 2754 et
792 2708 836 2753 boc
845 2707 899 2753 luco
909 2719 983 2753 tectus
992 2706 1106 2766 respicere
1116 2702 1187 2762 coepit

152 2770 238 2821 demum
248 2788 273 2822 et
283 2793 307 2822 se
318 2780 429 2839 recipere.
439 2777 542 2824 Atlucos
559 2778 628 2823 Goth.
645 2794 691 2824 sec.
704 2779 835 2825 exhibebat.
853 2794 922 2841 usque
939 2777 1001 2823 lacus
1011 2788 1044 2822 est
1053 2776 1187 2836 conjectura

150 2844 186 2889 riri
195 2845 259 2891 docti
269 2846 333 2892 haud
343 2846 469 2908 inelegans.
480 2849 542 2893 ducti
549 2839 635 2894 Medic.
646 2866 658 2894 a
668 2866 698 2894 m.
709 2866 744 2910 pr.
755 2875 786 2884 -
798 2848 850 2909 389.
859 2852 975 2912 prospexit
984 2846 1042 2892 alter
1050 2846 1141 2904 Menng.
1155 2866 1187 2876 -

149 2910 195 2972 391.
208 2915 286 2973 Quove
297 2915 401 2962 Parrbas.
411 2919 471 2962 Tum
480 2919 587 2964 Urbanus
603 2919 672 2965 verba
688 2921 736 2965 Nisi
753 2919 903 2965 continuabat
916 2935 989 2981 usque
1002 2916 1031 2961 ad
1046 2928 1125 2959 rursus
1134 2927 1187 2961 ver·

148 2984 234 3044 plexum
244 2990 288 3031 iter
296 3003 361 3032 omne
371 2986 484 3033 revolvens
493 3005 501 3033 .’
513 3002 538 3034 ut
548 2990 643 3051 quidem
651 2992 676 3034 in
683 2992 762 3036 Servio
771 3005 834 3035 nune
843 2989 941 3051 legitur3
951 2987 992 3034 sed
1001 2985 1128 3031 secundum
1137 2979 1185 3026 Jul.

149 3057 268 3112 Sabinum,
279 3073 354 3120 usque
365 3059 394 3104 ad
404 3058 501 3104 Falleris
510 3059 585 3105 silvae!
597 3060 669 3106 Simul
678 3070 706 3106 et.
716 3061 804 3106 Turbat
813 3062 895 3106 omissa
904 3076 949 3106 vox
958 3063 1001 3112 ait,
1013 3059 1091 3120 inquit.
1105 3056 1186 3098 Dona-

149 3138 180 3176 tus
190 3130 330 3178 distinxerat
339 3145 362 3177 et
372 3132 471 3193 legerat,
483 3135 517 3178 uti
526 3133 596 3194 uulgo
607 3134 640 3178 lit.
653 3133 723 3192 Quod
733 3134 851 3179 Fabricius
861 3134 882 3178 ci
892 3132 985 3186 tribuit,
997 3126 1099 3183 bellaces
1107 3123 1187 3176 silius,

148 3205 305 3264 prescriptum
323 3214 412 3248 tantum
428 3216 462 3249 est
478 3206 528 3265 ejus
544 3204 620 3249 verbis
630 3205 654 3248 in
664 3205 719 3249 edit.
730 3202 798 3249 Basil.
814 3205 911 3248 Rursum
922 3214 968 3247 tres
976 3202 1054 3245 Burin.
1064 3212 1092 3260 pe
1121 3210 1187 3241 exirm

148 3274 220 3334 Sprot.
231 3269 345 3316 resolvens
354 3286 400 3317 see.
411 3284 434 3317 et
443 3284 495 3318 tert.
506 3273 616 3318 Rottend.
622 3308 629 3330 ‚
645 3286 725 3328 acute,
742 3285 766 3318 et
781 3272 898 3318 subtiliter
907 3272 936 3316 ad
944 3268 1084 3333 perplexum.

146 3440 231 3492 Nisus.
254 3440 395 3493 Enimvero
414 3461 463 3494 nee
482 3446 643 3515 geometrica
689 3442 807 3494 millibus
820 3442 854 3494 ab
868 3459 900 3493 eo
913 3439 1024 3490 abesset.
1045 3433 1084 3484 td
1100 3431 1189 3483 oculo·

145 3521 291 3573 subtilitate
306 3523 333 3572 in
345 3535 425 3590 poeta
440 3521 497 3573 haec
513 3523 643 3594 exigenda
690 3540 749 3572 rum
766 3538 872 3572 sensum
885 3518 941 3567 haee
954 3518 981 3565 in
995 3514 1116 3564 locorum
1132 3509 1189 3579 pla·

145 3613 220 3666 sunt,
245 3602 292 3670 qui
313 3602 420 3651 omnino
440 3600 543 3672 longius
562 3620 642 3652 cursu
690 3588 1189 3664 nitiesuntdijudicanda.-388.sta·

144 3692 263 3730 evectum
281 3681 374 3731 Nisum
393 3679 529 3733 declarare
548 3682 640 3732 voluit.
692 3676 771 3728 bula:
787 3694 849 3747 ager
865 3686 922 3725 erat
936 3673 991 3742 regi
1008 3670 1040 3721 de
1058 3687 1121 3740 agro
1138 3686 1188 3738 pu·

146 3761 252 3811 Poterat
264 3760 286 3808 is
299 3757 386 3810 lacum
400 3759 548 3826 Albanum,
561 3760 641 3831 longo
690 3757 761 3808 blico
777 3757 939 3826 assignatus,
957 3746 985 3803 ed
995 3747 1098 3816 «τέμινοςς
1117 3768 1188 3801 nune

146 3841 191 3889 etsi
203 3838 344 3889 intervallo
358 3837 445 3890 adhuc
455 3838 589 3904 dissitum,
601 3852 640 3890 ta·
688 3837 733 3888 ille
742 3853 874 3907 pascuus,
887 3831 1022 3905 pascendo
1037 3831 1129 3902 pecori
1139 3849 1187 3899 ap·

147 3935 204 3967 rnen
221 3916 407 3988 praetergredi,
420 3936 511 3969 versus
523 3919 640 3970 Tiberim
689 3930 740 3968 tus.
755 3918 825 3967 conf.
840 3915 874 3966 ad
886 3934 910 3965 v.
925 3913 983 3982 274.
999 3912 1120 3965 Ceterum
1131 3923 1188 3961 tota

147 3997 268 4063 tendens,
284 4009 311 4047 et
322 4016 337 4048 a
349 4010 422 4069 tergo
436 4016 496 4049 eum
507 3997 641 4068 relinque·
688 3996 744 4047 haec
757 4010 841 4068 poetae
850 3997 969 4047 narratio
981 3995 1084 4065 egregie
1098 3991 1132 4042 ad
1145 4009 1187 4042 cx-

148 4092 188 4142 re,
200 4094 315 4146 eumque
334 4076 460 4143 evadere,
475 4077 525 4129 etsi
538 4077 640 4147 aliquot
688 4081 868 4150 peetationem
884 4075 1041 4127 movendam
1062 4084 1101 4125 est
1118 4090 1188 4123 eom·
