2700 4822
415 408 650 475 AENEIDOS
674 411 830 475 LIBER
853 412 916 476 IX.
1148 415 1188 480 23

106 512 109 520 Ι
145 536 282 602 Mandet
292 535 397 599 humo
409 534 521 612 solita3
533 550 605 612 aut,
618 535 646 597 si
658 555 723 621 qua
736 533 770 597 id
784 538 928 598 Fortuna
940 535 1076 614 vetabit,

146 636 282 707 Absenti
295 644 378 704 ierat
390 640 540 716 inferias,
554 638 755 728 decoretque
768 640 931 727 sepulcro.
1149 656 1192 702 εις

147 750 216 813 Neu
229 748 328 811 matri
340 746 467 809 miserae
480 745 562 808 tanti
574 745 636 808 sim
651 767 765 809 caussa
777 743 916 825 doloris,

150 856 226 935 Quae
238 871 272 917 te
285 852 369 930 sola,
382 873 480 938 puer,
494 850 607 914 multis
619 873 638 913 ε
651 850 810 914 matribus
822 873 915 929 ausa,
941 895 947 907 ·

151 960 373 1047 Persequitur,
386 956 497 1042 magni
509 978 571 1020 nec
583 957 705 1019 moenia
717 973 809 1021 curat
822 959 956 1022 Acestae.
969 987 983 1016 a

151 1170 182 1204 ter
192 1159 273 1204 Hamb.
282 1160 399 1221 preu‘oque
410 1156 459 1202 duo
469 1158 549 1202 Burin.
562 1182 593 1192 —
606 1156 658 1214 πά.
673 1157 739 1203 solitu
749 1175 756 1203 :
769 1162 799 1204 ita
812 1159 868 1206 inde
878 1161 907 1206 ab
917 1159 987 1206 dldd.
1000 1160 1096 1206 editum.
1106 1161 1125 1206 A
1134 1164 1194 1209 Dan.

152 1230 241 1275 Heinsio
254 1229 380 1274 admissum
388 1226 459 1273 solida
464 1260 471 1281 ‚
486 1226 550 1288 quod
566 1226 690 1273 damnabat
705 1230 754 1273 Nic.
766 1230 885 1283 lleinsius;
900 1232 1026 1290 repositum
1039 1243 1116 1276 tamen
1126 1231 1155 1279 ab
1167 1250 1196 1280 eo

152 1299 224 1356 solitu,
236 1303 322 1346 iterum
333 1298 456 1361 expulsum
467 1315 480 1342 a
492 1299 637 1352 Burmanno,
653 1301 694 1360 qui
706 1297 777 1344 solido
791 1312 876 1344 tuetur.
891 1301 929 1345 Est
940 1314 995 1346 saue
1005 1304 1146 1362 permutatio
1155 1303 1196 1350 illa

152 1371 214 1417 obvia
226 1384 251 1417 et
261 1371 380 1432 frequens.
393 1370 456 1414 conf.
469 1367 544 1414 eulic.
554 1385 585 1429 99
594 1368 690 1414 solidum
700 1385 804 1422 carmen,
818 1371 864 1414 imo
876 1368 966 1415 solitum
970 1390 979 1426 ,·
991 1383 1040 1416 tum
1054 1370 1120 1416 solito
1131 1372 1198 1433 lege·

152 1454 183 1486 rat
192 1444 271 1496 Serv„
288 1443 319 1486 ita
332 1456 428 1503 quoque
440 1439 501 1495 art,
521 1452 544 1484 et
560 1437 658 1484 Dorvill.
677 1437 756 1494 solita,
776 1442 798 1484 si
813 1455 872 1503 qua,
892 1453 915 1484 et
927 1457 939 1485 e
951 1439 1048 1486 Mcmcl.
1061 1439 1133 1487 solito.
1146 1443 1195 1488 vid.

152 1511 220 1557 Wass.
234 1512 265 1556 ad
277 1510 369 1556 Sallust.
385 1512 439 1571 lug.
459 1511 487 1555 52
507 1509 524 1554 f.
544 1508 690 1555 Burmannus
704 1522 782 1555 tamen
793 1522 872 1556 movet
883 1508 1061 1556 difficultatem:
1076 1512 1196 1573 quomodo

151 1580 241 1627 advenis
249 1582 356 1642 Trojanis
368 1579 453 1625 humus
462 1579 509 1625 dici
520 1582 593 1641 possit
608 1578 682 1625 solite.
696 1579 790 1626 Scilicet
804 1579 889 1626 humus
901 1581 989 1626 nonde
1002 1582 1060 1626 latii
1072 1581 1135 1639 solo,
1154 1583 1197 1630 setl

151 1650 281 1696 omninode
294 1663 355 1694 terra
371 1649 521 1711 accipienda,
537 1667 583 1712 qua
595 1665 638 1695 nos
650 1651 735 1696 mortui
748 1649 853 1696 condiet
866 1650 956 1696 humari
969 1649 1069 1697 sollenui
1082 1668 1145 1699 more
1157 1670 1196 1700 so·

151 1719 229 1767 lenus.
245 1723 272 1766 Et
285 1733 335 1766 erat
346 1719 426 1766 saltem
443 1723 468 1766 iu
478 1723 544 1766 Latio
555 1734 669 1783 occupata
682 1735 742 1767 terra
749 1755 757 1777 ,
771 1725 796 1767 in
812 1738 859 1784 qua
870 1722 965 1784 Trojani
975 1721 1143 1779 consederant;
1162 1736 1197 1771 est

152 1805 222 1837 autem
235 1790 327 1837 solitum
338 1806 408 1835 omne
420 1792 445 1836 id
456 1791 520 1854 quod
537 1803 570 1837 cst
588 1795 703 1852 patrium,
718 1792 883 1846 domesticum,
898 1792 1020 1838 familiare.
1033 1795 1093 1854 Ergo
1109 1793 1147 1840 vel
1163 1798 1196 1841 sic

150 1879 278 1928 reportatus
289 1866 319 1911 ad
328 1881 382 1911 suos
395 1875 454 1911 tenu
465 1865 532 1911 solitu
542 1865 693 1928 sepeliendus
705 1879 761 1912 erat.
774 1869 879 1929 Utroque
897 1883 953 1926 erqo
968 1866 1039 1912 modo
1053 1879 1116 1913 recte
1129 1867 1196 1915 ltumo

150 1936 211 1983 solita
221 1938 312 1983 dictum
324 1950 366 1982 est.
381 1936 456 1982 Soluia
468 1936 693 1999 humusvixplacere
701 1950 789 1999 potest,
804 1940 892 1982 etiamsi
905 1950 1012 1998 respectu
1021 1938 1196 1999 naufragiorum

151 2020 171 2053 et
180 2010 302 2070 pereuntis
320 2009 343 2051 in
360 2010 417 2052 mari
437 2007 548 2069 insepulti
567 2008 686 2054 cadaveris
705 2008 766 2052 dieta
785 2009 925 2069 accipiatur3
937 2021 980 2051 nec
992 2006 1131 2062 dicendum,
1147 2025 1196 2055 esse

150 2081 269 2142 epitheton
281 2096 345 2125 mere
357 2095 454 2135 ornans,
474 2082 496 2125 vi
508 2081 609 2141 oppositi
622 2082 703 2135 maris,
723 2095 764 2125 seu
774 2082 845 2135 aeris,
860 2081 902 2140 qui
913 2093 991 2134 rarus,
1006 2081 1099 2125 tenuis:
1112 2081 1197 2126 eodem

149 2149 228 2205 modo,
236 2165 285 2211 quo
293 2142 355 2208 ὑγρὰ
360 2143 486 2193 θάλασσα.
496 2150 543 2194 Νεε
551 2151 623 2210 magis
629 2147 694 2194 solitu
701 2151 803 2194 Fortuna
813 2147 889 2209 placet
895 2182 902 2203 ,
915 2160 941 2193 ut
950 2150 1014 2194 Serv·
1023 2148 1093 2194 verba
1101 2150 1179 2210 jungit
1189 2167 1195 2196 :

150 2223 186 2282 qui
201 2221 266 2265 unde
278 2219 324 2265 hoe
336 2218 456 2274 habuerit,
473 2219 582 2280 praeclara
599 2220 669 2265 docet
680 2233 734 2265 nota
746 2220 804 2266 Julii
815 2221 939 2281 Pomponii
952 2219 1032 2264 Sabini
1044 2235 1049 2265 :
1064 2240 1074 2259 ι
1083 2222 1197 2281 Apronii-

150 2307 200 2347 uus,
219 2294 311 2354 inquit,
329 2292 457 2354 distt'uquit,
476 2292 570 2337 mandet
581 2291 669 2336 humo:
686 2290 731 2336 Vel
746 2291 805 2352 (leg.
823 2293 861 2349 ut)
877 2291 938 2335 dicus
951 2290 1023 2337 humo
1035 2291 1114 2347 solita,
1129 2293 1154 2336 id
1163 2301 1198 2338 est

150 2368 199 2425 quia
210 2362 302 2409 solitum
312 2372 362 2407 erut
371 2361 464 2407 humare
476 2362 580 2409 homines.
593 2361 643 2408 Alii
654 2362 746 2426 quunt:
759 2363 783 2407 id
793 2362 873 2417 solita,
885 2379 941 2424 pro,
954 2363 978 2407 id
988 2361 1085 2408 solioum.
1098 2362 1148 2408 Alii
1158 2380 1197 2409 so·

150 2431 186 2478 lita
198 2433 306 2486 fortuna,
326 2431 415 2477 scilicet
429 2433 525 2478 inuidere
543 2437 628 2496 maquis
640 2433 714 2478 relius.
725 2453 735 2473 υ
756 2434 865 2478 Ceterum
878 2433 1011 2493 Aproniana
1028 2433 1146 2479 distinctio
1157 2450 1196 2480 re·

150 2515 213 2565 repta
225 2503 283 2547 olim
295 2502 340 2546 fuit
351 2518 363 2546 a
375 2501 488 2563 pluribus.
504 2505 541 2547 Sic
553 2504 665 2565 distingui
677 2503 747 2548 video
760 2505 784 2546 in
798 2503 877 2563 fragm.
889 2503 965 2548 Vatie.
978 2515 1013 2559 et,
1035 2503 1098 2565 quod
1111 2519 1197 2566 expec-

150 2575 234 2630 tabam,
247 2576 334 2634 inipso
346 2574 469 2619 Mediceo:
483 2576 578 2620 Mandat
588 2574 655 2620 humo
665 2591 672 2619 .·
684 2573 749 2620 solita
760 2583 802 2618 out
811 2576 832 2618 si
841 2590 887 2637 qua
902 2575 926 2618 id
934 2574 1032 2637 fortuitu
1042 2575 1131 2620 vetabit.
1147 2577 1196 2622 lle-

150 2647 280 2690 rocavimus
292 2643 359 2689 liume
370 2642 447 2699 solita,
461 2644 573 2700 sollenni,
588 2645 653 2707 quod
671 2645 740 2690 codd.
757 2657 780 2690 et
795 2647 884 2706 poetici
897 2661 952 2690 usus
969 2648 1129 2690 auctoritatem
1141 2660 1195 2691 sen-

148 2730 243 2778 sumque
255 2716 334 2762 habct.
348 2715 410 2760 illud
422 2715 499 2762 adhuc
511 2716 655 2762 notandum:
669 2716 738 2761 Goth.
758 2728 811 2761 tert.
831 2714 921 2761 solitum
935 2715 1029 2762 habere.
1049 2715 1138 2761 uetabat
1149 2728 1196 2765 tres

149 2787 238 2843 liurm,
252 2799 276 2832 et
287 2800 348 2832 unus
359 2791 449 2833 vetavit.
463 2788 533 2832 Goth.
546 2800 600 2834 tert.
613 2787 708 2852 oequbit.
721 2813 752 2823 -
765 2787 817 2832 216.
829 2790 865 2832 Ne
874 2804 903 2832 nu
914 2804 944 2832 m.
954 2813 984 2822 -
993 2803 1074 2832 caussa
1086 2787 1196 2834 tumultus

147 2858 222 2904 lehol.
242 2859 312 2904 Statii
329 2857 403 2904 Theb.
423 2860 467 2914 111,
491 2858 544 2919 373.
555 2883 588 2894 -
600 2875 651 2921 217.
665 2857 741 2903 multis
752 2875 767 2902 a
779 2875 808 2902 m.
821 2860 887 2902 Rom.
908 2856 984 2902 multis
1001 2874 1014 2903 ε
1030 2858 1138 2903 ηεαίήὺυε
1150 2874 1196 2903 uua

149 2929 237 2992 aliquot
254 2932 314 2976 Pier.
335 2933 402 2975 tentis
420 2946 433 2974 e
449 2947 478 2974 m.
498 2931 562 2992 apud
573 2933 637 2977 Serv.
651 2930 680 2976 ad
697 2931 740 2985 XI,
759 2930 795 2975 35.
805 2955 837 2965 -
851 2928 902 2974 218.
914 2931 1060 2992 Persequitur
1070 2941 1122 2990 post
1133 2930 1195 2974 I‘icr.

149 2999 255 3048 Heinsius
268 3017 280 3046 e
293 3001 362 3047 codd.
381 3013 476 3046 tuetur:
489 3002 549 3048 adde
567 3005 595 3048 iis
610 3003 691 3063 fragm.
704 3000 779 3046 Varie.
791 3001 820 3044 At
836 3011 892 3045 vett.
909 3000 963 3046 edd.
982 3001 1136 3064 Prosequitur.
1148 2998 1196 3044 Sed

146 3076 251 3136 persequi
260 3076 473 3135 perseverationem·
483 3076 602 3136 sequentis
614 3086 687 3120 notat.
700 3073 920 3138 meque-Aceste
932 3071 997 3116 malit
1010 3073 1125 3133 Trappius
1136 3087 1141 3116 :
1154 3070 1196 3116 sed

149 3235 345 3300 Homerumfit‚
359 3236 406 3287 ubi
417 3235 649 3304 ὑπιξίλκιεειῄπε·
696 3252 737 3290 ter
752 3236 858 3310 Euryali
877 3250 996 3289 matrem.
1014 3236 1065 3287 Sed
1082 3252 1131 3287 nee
1143 3236 1195 3290 hoo

149 3313 240 3382 pirrus,
267 3313 401 3384 uirtutique·
425 3314 646 3386 irruite-215.
697 3315 1197 3388 quisquaminanimumlnducet,p0e·
1225 3372 1227 3377 ¹

148 3393 255 3446 Absenti
266 3393 301 3445 de
313 3414 345 3445 eo
363 3398 483 3465 accipio,
500 3399 574 3467 cujus
593 3417 650 3449 cor·
697 3411 750 3448 tam
758 3396 1196 3465 Trojanosvoluissesineuxorum

149 3492 198 3544 pus
215 3492 271 3525 non
284 3486 368 3538 estat,
380 3475 452 3544 quod
465 3477 573 3546 sepeliri
584 3495 649 3547 pos·
697 3481 826 3529 comitatu
839 3477 872 3528 ad
885 3472 987 3527 ltaliam
1000 3474 1142 3526 adducere.
1153 3476 1195 3526 Vi·

150 3556 194 3614 sit;
212 3557 304 3623 itaque
324 3554 426 3605 inferiis
445 3566 471 3605 et
487 3556 649 3625 cenotaphio
697 3555 821 3609 'sichimus
833 3556 929 3608 iliades
941 3557 988 3606 inf.
1002 3556 1051 3617 xi,
1065 3552 1106 3605 35.
1119 3555 1197 3607 Man-

148 3632 349 3703 defuugendum
365 3646 413 3686 est.
425 3663 459 3672 -
470 3651 529 3700 217.
550 3636 613 3704 Quoe
625 3646 649 3686 te
697 3640 732 3688 sit
748 3638 775 3686 in
787 3636 875 3686 Sicilia
889 3651 981 3685 senum
996 3645 1022 3684 et
1032 3632 1196 3688 infirmorum

148 3713 210 3766 sola.
221 3711 371 3764 Difficultas
381 3713 426 3765 hic
436 3717 537 3767 moveri
545 3727 648 3785 potest,
697 3714 799 3766 inutilis
812 3712 907 3768 turba:
925 3714 959 3763 cf.
974 3711 1019 3763 lib.
1033 3713 1065 3778 V,
1079 3715 1128 3782 7¹5
1140 3733 1195 3787 seq.

151 3793 256 3863 Speneii
268 3793 403 3864 exemplo,
412 3794 485 3864 quod
492 3795 539 3845 ini.
549 3794 594 3845 lib.
601 3795 647 3858 Xl,
698 3796 757 3864 767.
768 3796 839 3846 inter
850 3794 980 3865 longoevas
995 3793 1086 3862 itaque
1099 3807 1198 3845 matro-

151 3873 182 3925 35
196 3887 254 3926 tota
268 3873 347 3926 turba
358 3874 500 3926 Iliacarum
511 3887 648 3926 matrona·
697 3892 745 3926 nas
759 3874 817 3924 sola
834 3872 941 3944 Euryali
961 3886 1044 3922 mater
1060 3873 1125 3938 fuit,
1138 3891 1197 3942 qua

151 3973 207 4006 rum
215 3955 646 4025 memoratur,quaeltaliamadire
696 3959 724 4008 in
742 3955 832 4006 Sicilia
847 3972 954 4005 manere
970 3952 1061 4002 nollet.
1080 3952 1197 4003 Similem

149 4055 202 4086 non
219 4038 361 4106 refugerim
381 4035 426 4086 hie
447 4049 536 4088 autem
556 4045 646 4088 dmnes
696 4033 881 4086 difficultatem
891 4043 1141 4084 moverantvetcrcs
1154 4033 1197 4080 ln·

150 4114 274 4168 (uruntur
281 4117 309 4168 in
316 4114 404 4168 Sicilia
411 4117 569 4170 remansisse
581 4134 648 4188 pre·
697 4127 754 4190 tpp.
765 4115 830 4169 adv.
843 4131 889 4184 ¹9²
897 4121 992 4184 patres.
1000 4109 1084 4165 ridl’
1101 4127 1193 4182 mpori.
