2700 4822
214 374 257 441 30
462 369 496 431 P.
520 365 752 431 VIRGlLll
776 366 1008 434 Minonis

215 497 282 560 Aut
293 489 442 569 adversa,
456 487 551 555 cedat
562 512 569 551 :
582 488 641 553 sed
654 504 686 552 te
699 511 799 577 super
811 490 921 554 omnia
933 490 1022 555 dona

216 602 329 664 Unum
342 620 400 661 oro
413 620 419 658 :
434 595 581 684 genetrix
593 595 712 658 Priami
725 593 767 658 de
780 582 877 682 geute
889 611 1018 660 vetusta

216 706 274 768 Est
286 702 381 781 mihi,
398 724 497 790 quam
509 700 663 792 miseram
675 701 781 764 tenuit
793 723 860 764 non
874 700 933 764 llia
947 701 1044 765 tellus
1217 708 1264 765 285

216 815 350 876 Mecum
363 808 591 886 excedentem,
605 829 673 871 uon
685 809 806 872 moenia
818 809 903 896 regis
916 811 1050 873 Acestae.

216 919 311 982 Hunc
324 939 385 1004 ego
398 938 486 979 nunc
499 915 644 1003 ignaram
657 913 756 1003 hujus
769 912 1005 1002 quodcumque
1017 914 1133 1002 pericli
1145 933 1208 995 est,

216 1025 323 1112 Inque
336 1023 507 1086 salutatam
520 1021 651 1108 linquo;
664 1022 750 1098 Nox,
764 1036 797 1084 et
808 1035 864 1083 tua
876 1019 968 1084 testis

216 1131 372 1207 Dextera,
387 1126 478 1217 quod
490 1149 654 1215 nequeam
666 1125 815 1191 lacrimas
827 1127 975 1213 perferre
987 1127 1141 1214 parentis.

217 1237 260 1299 At
271 1251 321 1313 tu,
336 1256 409 1311 oro,
423 1232 528 1297 solare
541 1232 691 1319 inopem,
705 1247 739 1295 et
749 1253 904 1296 succurre
917 1231 1049 1296 relictae.
1220 1259 1266 1307 290

217 1342 312 1404 Hanc
325 1339 395 1403 sine
408 1361 461 1402 me
474 1360 567 1425 spem
579 1338 666 1401 ferre
679 1337 727 1400 tui
740 1359 746 1398 :
760 1336 936 1400 audentior
947 1336 1003 1401 ibo

218 1450 258 1511 In
271 1467 363 1510 casus
377 1444 493 1508 omnis.
508 1472 521 1501 r
536 1445 692 1508 Percussa
705 1459 817 1507 mente
829 1442 994 1506 dederunt

217 1549 416 1622 Dardanidae
428 1549 592 1628 lacrimas;
605 1566 682 1613 ante
696 1549 802 1612 omnis
814 1548 954 1637 pulcher
966 1547 1072 1629 iulus,

217 1751 448 1803 sententiamhorum
460 1764 568 1797 versuum
580 1751 658 1796 animo
670 1762 768 1797 teneret.
784 1752 930 1812 luterpunxit
941 1764 994 1812 post
1006 1760 1108 1798 sermm:
1120 1753 1219 1799 Fortuna
1229 1769 1268 1799 se-

218 1824 305 1877 cunde,
316 1821 387 1866 Haud
396 1819 491 1865 adversa
501 1821 581 1874 cadon·
595 1837 647 1883 quaa
657 1820 767 1883 equidem
776 1836 824 1864 nou
841 1837 959 1883 assequor.
973 1825 1025 1869 Sive
1035 1825 1154 1884 junxeris:
1166 1828 1268 1887 arquerit

220 1903 320 1947 mntem,
334 1893 381 1937 aive
394 1887 522 1935 dissimilem
535 1898 635 1945 tanum,
646 1892 729 1952 jejuna
745 1902 779 1935 est
795 1893 878 1936 oratio.
892 1890 985 1935 Scilicet
997 1891 1084 1952 duplex
1097 1904 1131 1937 est
1140 1891 1210 1938 lectio
1219 1892 1270 1939 loci

220 1979 245 2012 et
254 1965 414 2025 interpunctio
424 1977 430 2006 τ
442 1960 527 2016 altera,
542 1976 612 2023 quam
622 1963 716 2006 Servius
726 1972 805 2006 tuetur
815 1973 838 2006 et
848 1961 933 2006 diserte
946 1956 1041 2023 exponit
1052 1979 1057 2008 :
1069 1971 1110 2007 aut
1120 1963 1214 2008 adverse
1224 1980 1269 2008 ca-

219 2037 267 2084 det.
280 2039 316 2082 Sic
328 2035 377 2080 iere
388 2034 473 2080 editur.
485 2035 518 2077 Ex
530 2032 574 2078 hac
586 2031 652 2078 iocus
664 2032 882 2094 interpungendus:
896 2035 935 2076 Me
945 2032 1010 2078 neila
1021 2034 1043 2078 d.
1051 2037 1204 2098 -eryueritr
1216 2043 1270 2079 ten-

221 2117 287 2154 tum:
298 2108 399 2152 Fortuna
407 2103 506 2149 secundo
515 2103 565 2147 Aut
576 2103 672 2147 adversa
682 2104 756 2148 eadut.
771 2105 804 2148 ita
820 2103 902 2149 durior
916 2105 1012 2165 quidem
1026 2117 1071 2161 eat,
1084 2117 1184 2151 attamen
1201 2101 1270 2151 ditri-

220 2194 281 2226 ’τινα
292 2175 364 2221 habet
378 2177 469 2220 oratio:
483 2181 571 2218 tantum
582 2188 614 2218 sc.
631 2173 661 2219 de
671 2189 708 2218 me
725 2172 833 2235 polliceri
843 2174 931 2230 audeo,
944 2190 1090 2237 quecunque
1100 2175 1192 2220 fortuna
1204 2177 1271 2220 acci-

221 2248 296 2302 derit,
308 2261 350 2290 seu
363 2244 471 2299 adversa,
483 2258 524 2288 seu
534 2243 649 2298 secuuda;
662 2243 711 2289 fere
721 2256 747 2288 ut
757 2244 799 2288 inf.
814 2244 860 2289 636
871 2245 922 2290 Hoc
935 2253 1021 2290 tuntum
1030 2247 1159 2290 Ascanius!
1172 2244 1214 2291 sed
1224 2261 1271 2307 pro

220 2315 310 2378 vulgari
320 2329 359 2360 seu
370 2313 458 2358 dictum
467 2322 515 2359 aas.
526 2315 586 2358 Tum
598 2317 698 2378 oqueris
707 2327 741 2360 est
751 2330 796 2377 pro
807 2327 899 2377 arguet,
912 2315 953 2361 sed
962 2331 1005 2361 nec
1013 2315 1164 2376 ineleganter.
1177 2317 1272 2362 Conve-

220 2389 257 2433 nit
268 2386 333 2449 quod
344 2384 387 2430 inf.
403 2399 447 2446 ²99
458 2384 621 2447 casussertnm
632 2388 760 2449 quicunque
771 2395 901 2449 sequentur.
914 2385 991 2431 Altera
1009 2399 1043 2432 est
1054 2386 1136 2442 lectio,
1156 2385 1217 2431 haud
1226 2387 1272 2431 ad·

221 2472 288 2502 verse
298 2456 377 2510 cadat,
390 2455 454 2517 quod
466 2457 546 2500 Heius.
558 2471 570 2500 e
580 2455 666 2501 Medic.
678 2455 776 2517 aliisque
786 2455 900 2517 praetulit,
913 2459 932 2500 si
948 2456 1019 2500 modo
1028 2456 1135 2501 codicum
1145 2457 1273 2501 auctoritas

221 2529 248 2575 in
257 2525 298 2571 tali
308 2541 364 2571 voce
374 2533 426 2580 aut,
442 2523 508 2578 haut,
527 2525 599 2582 haud,
613 2541 695 2587 magna
709 2539 743 2572 est
754 2543 759 2572 ι
772 2526 978 2573 concinitMentel.
988 2542 1023 2588 pr.
1035 2527 1106 2570 Haud
1113 2541 1191 2571 aversa
1200 2526 1270 2570 cadit.

221 2601 260 2644 Sic
273 2586 488 2659 interpungendum
505 2611 553 2642 esse
569 2608 650 2658 patet:
662 2600 857 2661 nte-arquerit:
873 2605 958 2642 tuntum
967 2596 1065 2658 fortuna
1077 2598 1187 2652 secunda,
1199 2598 1275 2642 Haud

221 2669 317 2714 densa
328 2668 408 2713 cadat!
419 2679 522 2722 tantum,
534 2679 623 2712 tantum
636 2667 718 2722 modo,
731 2683 827 2729 precor,
838 2668 930 2712 fortuna
940 2667 1030 2713 faveat!
1042 2668 1069 2711 ln
1085 2666 1133 2722 his,
1145 2683 1198 2713 meo
1213 2669 1272 2730 qui-

224 2741 278 2786 dem
288 2755 368 2793 sensu,
379 2741 487 2801 jejunum
499 2751 532 2784 est
541 2738 602 2783 illud
613 2755 618 2783 ε
631 2740 742 2793 secunde,
755 2738 817 2784 hund
832 2740 932 2783 ediverso.
944 2739 1025 2800 ltaque
1035 2740 1189 2800 antiquiorem
1202 2756 1273 2784 reso-

222 2811 273 2859 cavi
283 2825 336 2854 cum
345 2809 470 2853 Bruncliio.
480 2808 615 2870 Respondet
624 2826 646 2855 v.
658 2823 702 2869 ²99
712 2824 779 2853 cesus
787 2811 916 2872 quicunque
923 2816 1036 2870 sequetur.
1046 2808 1141 2869 Accepit
1151 2820 1229 2854 tamen
1239 2811 1274 2854 sic

221 2879 300 2927 locum
314 2882 383 2926 etiam
395 2879 544 2941 Symmachus
555 2878 595 2924 lib.
609 2881 619 2923 l
632 2895 670 2941 ep.
684 2878 713 2924 28
723 2880 752 2924 ab
764 2880 859 2925 Heinsio
869 2878 987 2933 laudatus;
1000 2890 1023 2923 et
1036 2890 1111 2939 potest
1123 2877 1207 2940 aliquis
1216 2894 1272 2923 cum

222 2952 274 2996 viro
289 2948 359 2994 docto
370 2948 485 3009 Brieqleb.
496 2961 610 3004 statuere,
623 2952 716 2994 tacitam
726 2951 797 2995 animi
804 2951 983 3011 praeseusionem
994 2960 1017 2994 et
1026 2951 1160 3010 praesagium
1171 2947 1275 2995 infelicis

224 3022 299 3065 exitus
308 3019 344 3064 his
354 3018 431 3065 verbis
446 3021 521 3064 innui.
533 3021 588 3064 Erat
597 3018 656 3065 alius
665 3023 700 3066 vir
711 3020 805 3076 doctus,
821 3023 863 3083 qui
876 3020 1006 3082 jungebat:
1018 3021 1117 3082 arquerit
1129 3028 1213 3063 tentum
1220 3038 1229 3074 ,·
1247 3033 1275 3066 ut

224 3104 296 3148 esset,
309 3108 339 3136 nc
349 3091 445 3154 quidem
454 3091 636 3148 insimulaverit,
655 3103 744 3137 tautum
755 3088 819 3140 abest
830 3106 855 3138 ut
871 3094 998 3138 convicerit
1003 3109 1010 3147 ;
1022 3091 1072 3147 vel,
1085 3092 1275 3156 tentumfhrtuno

222 3163 302 3215 cudat,
315 3165 339 3208 in
349 3175 450 3219 tantum,
463 3163 583 3209 hactenus.
594 3164 666 3209 Vides
679 3180 717 3209 me
732 3179 798 3210 suum
809 3167 894 3228 cuique
904 3164 1017 3218 reddere,
1030 3178 1073 3208 nec
1084 3179 1218 3226 quenquam
1229 3163 1275 3210 ho-

223 3247 282 3278 nure
292 3249 334 3279 suo
344 3232 459 3279 fraudare.
473 3259 505 3268 -
517 3232 569 3278 283.
586 3236 684 3278 Tantum
692 3249 761 3296 super
770 3234 875 3280 Parrhas.
887 3235 928 3280 sed
937 3242 957 3280 te
967 3232 1027 3278 uiua
1036 3249 1057 3278 o.
1068 3232 1160 3278 Vratisl.
1174 3258 1205 3267 -
1217 3233 1273 3296 287.

225 3313 260 3350 est
270 3306 295 3348 in
307 3305 353 3350 fine
366 3305 430 3350 abest
442 3306 508 3350 Rom.
523 3318 545 3350 et
557 3304 608 3350 aliis
620 3307 681 3351 Pier.
702 3318 725 3352 et
742 3307 822 3352 Heius.
834 3331 864 3341 -
879 3305 930 3352 288.
943 3321 989 3351 nox
1004 3314 1028 3350 et
1045 3313 1083 3350 tua
1095 3313 1160 3349 testes
1172 3304 1276 3350 Dextera

224 3377 291 3423 malit
307 3379 386 3423 Heius.
399 3403 431 3413 -
443 3393 495 3437 ²9⁰·
509 3379 576 3423 Hanc
589 3387 613 3422 tu
625 3378 715 3442 aliquot
727 3381 788 3425 Pier.
803 3391 825 3425 et
840 3381 918 3424 Burm.
937 3394 990 3423 curu
1008 3377 1078 3423 Goth.
1097 3392 1143 3422 sec.
1155 3376 1223 3423 Hanc
1232 3395 1276 3439 *orn

224 3450 328 3504 Oudart,
341 3467 353 3494 a
365 3466 395 3494 m.
406 3466 442 3512 pr.
452 3451 521 3494 Hunc
531 3459 551 3496 te
561 3467 600 3496 oro
613 3450 701 3496 Zulich.
715 3455 750 3496 Tu
760 3467 812 3497 vero
827 3466 846 3497 s.
864 3450 934 3497 Goth.
951 3461 1003 3496 tert.
1014 3474 1047 3485 -·
1058 3463 1110 3510 ²9¹·
1124 3449 1173 3494 Aut
1182 3452 1230 3494 sine
1240 3465 1276 3494 me

225 3522 279 3567 Exc.
290 3524 368 3566 Burin.
378 3539 423 3585 quo
431 3523 556 3568 audentior.
569 3524 643 3578 Ven,
655 3523 810 3584 interpolate;
829 3539 883 3568 nam
892 3522 982 3567 hiatum
991 3533 1070 3568 tuetur
1079 3523 1199 3566 sententie
1209 3520 1276 3566 clau-

225 3589 290 3645 sula,
300 3603 324 3635 et
333 3590 445 3653 loquendi
456 3591 612 3638 intervallum.
623 3593 731 3638 audacior
740 3594 788 3638 duo
797 3594 877 3638 Heius.
891 3617 923 3628 ——
936 3607 987 3653 292.
1004 3592 1115 3636 Percussa
1130 3592 1209 3636 Heius.
1222 3602 1276 3653 post

225 3660 286 3706 Pier.
298 3678 311 3706 e
321 3663 390 3706 codd.
401 3663 543 3710 vindicavit:
556 3664 639 3727 vulgo,
651 3663 792 3710 Perculsum.
809 3667 869 3710 Tum
885 3665 964 3710 dedere
975 3662 1062 3709 Medic.

226 3833 308 3899 raho,
325 3849 356 3886 ut
370 3835 432 3888 huic
446 3840 510 3890 forti
521 3842 593 3892 facto
603 3853 661 3892 tota
672 3843 727 3893 vita
776 3841 851 3908 dico,
867 3841 995 3911 profiteor
1017 3838 1050 3891 de
1064 3858 1119 3903 me,
1134 3837 1274 3908 polliceor.

226 3931 289 3971 mea
309 3915 343 3964 sit
357 3930 555 3969 consentanea:
575 3921 629 3970 sive
640 3921 725 3984 bona,
775 3923 845 3972 conf.
861 3922 922 3971 Var.
937 3922 1009 3972 Lect.
1028 3918 1071 3969 Ad
1087 3920 1193 3989 pietatis
1213 3935 1275 3969 seu·

227 3994 283 4056 sive
302 3993 413 4045 adversa
431 3997 541 4049 fortuna
559 4000 633 4050 ineo
654 4019 727 4066 exse·
775 4017 833 4050 sum
849 4000 976 4071 praeclare
993 4017 1069 4069 seqq.
1085 4010 1148 4048 suut
1164 4013 1275 4067 compa·

226 4072 336 4142 quenda
349 4093 412 4127 usus
428 4077 514 4130 fuero.
533 4087 651 4142 tantum,
667 4079 724 4131 scil.
773 4091 841 4131 rata.
922 4140 924 4146 Ι
