2700 4822
147 428 185 470 12
391 408 425 469 P.
449 404 679 469 VlRGlLll
703 406 932 472 MARONlS

142 528 243 593 Filius
254 525 333 592 huic
344 544 472 607 contra,
485 545 619 616 torquet
631 528 687 616 qui
699 527 806 593 sidera
818 530 934 594 mundi
946 554 953 594 :

147 661 160 691 r
172 634 202 697 Ο
214 634 373 720 genetrix,
389 657 455 723 quo
468 635 531 698 fata
546 635 663 698 vocas?
673 651 730 698 aut
742 635 821 723 quid
835 638 918 723 petis
930 637 1018 700 istis?

142 739 319 803 Mortaline
332 763 432 803 manu
444 741 537 804 factae
550 740 722 803 inmortale
735 741 853 805 carinae

143 845 203 908 Fas
217 843 377 908 habeant?
388 862 563 933 certusque
575 846 698 909 incerta
710 846 856 934 pericula
868 847 985 912 lustret

143 950 280 1013 AEneas?
293 952 346 1015 cui
358 967 446 1014 tanta
459 950 523 1015 deo
535 952 692 1038 permissa
704 953 868 1038 potestas?

144 1053 265 1133 Immo,
279 1055 336 1119 ubi
350 1056 514 1120 defunctae
527 1057 626 1119 finem
638 1072 820 1145 portusque
833 1058 1000 1123 tenebunt·

144 1161 321 1239 Ausonios,
336 1161 415 1224 olim
428 1185 634 1251 quaecunque
647 1163 787 1226 evaserit
799 1162 912 1240 undis,

145 1263 415 1355 Dardaniumque
428 1266 546 1332 ducem
559 1267 734 1331 Laurentia
747 1267 871 1330 vexerit
882 1291 979 1346 arva,
1067 1315 1074 1327 .

144 1370 320 1435 Mortalem
332 1372 468 1460 eripiam
481 1373 635 1452 formam,
649 1373 826 1460 magnique
835 1371 961 1461 jubebo

146 1476 298 1565 AEquoris
311 1499 382 1541 esse
395 1476 490 1542 deas:
505 1478 610 1565 qualis
622 1478 739 1541 Nereia
751 1479 840 1541 Doto

146 1582 188 1645 Et
200 1582 332 1646 Galatea
345 1600 456 1647 secant
470 1600 677 1670 spumantem
690 1599 825 1670 pectore
838 1599 988 1671 pontum.
1001 1612 1014 1640 n

147 1686 297 1750 Dixerat:
311 1687 412 1776 idque
426 1704 531 1752 ratum
544 1688 643 1777 Stygii
656 1711 716 1776 per
727 1688 864 1752 flumina
877 1689 999 1767 fratris,

146 1793 209 1855 Per
220 1793 293 1880 pice
306 1794 459 1857 torrentis
470 1810 604 1881 atraque
617 1795 772 1881 voragine
785 1795 870 1882 ripas

150 1897 287 1978 Adnuit,
302 1915 335 1963 et
346 1916 452 1962 totum
465 1917 549 1963 nutu
564 1900 748 1964 tremefecit
760 1900 947 1989 Olympum.

179 2076 217 2138 93.
229 2086 317 2140 torquet
330 2094 353 2140 q.
370 2093 389 2121 s.
407 2093 437 2121 m.
454 2077 534 2124 adsuta
552 2079 649 2140 putabat
665 2079 699 2123 vir
718 2077 799 2122 doctus
816 2075 878 2139 apud
889 2079 981 2132 Burm.‚
1002 2079 1040 2122 cui
1052 2075 1189 2138 adstipulor.

150 2163 168 2193 s.
187 2147 239 2193 caeb'
254 2147 319 2194 Leid.
336 2160 359 2193 et
373 2148 442 2193 Goth.
459 2161 510 2194 tert.
523 2175 554 2184 -
565 2150 603 2210 94.
615 2150 682 2213 facta
698 2148 795 2195 Dorvill.
814 2166 859 2212 quo
870 2148 893 2210 f.
910 2148 979 2194 trahis
994 2148 1068 2194 codex
1086 2149 1128 2193 Ge.
1148 2151 1191 2193 Fa·

148 2220 234 2274 bricii,
254 2236 289 2280 pr.
307 2221 415 2265 Rottend.
436 2233 459 2266 et
479 2222 532 2266 Ere.
554 2224 646 2277 Burm,
669 2234 692 2268 et
712 2225 744 2268 tie
764 2223 868 2266 Servium
888 2223 953 2265 aiunt
975 2219 1065 2282 legisse.
1087 2236 1118 2265 art
1138 2219 1195 2283 quid

149 2292 226 2352 Sprot.
246 2298 287 2333 aut
299 2293 340 2352 qui
354 2306 377 2352 p.
397 2292 452 2353 Reg.
465 2316 496 2326 -
507 2293 544 2352 95.
558 2293 623 2353 ficte
641 2308 686 2338 sec.
706 2293 791 2337 Moret.
810 2315 841 2325 -
852 2290 890 2350 96.
910 2288 991 2334 lustrat
1005 2289 1093 2334 Zulieb.
1111 2288 1193 2333 Malim

150 2358 210 2405 eth.
228 2358 243 2403 l.
260 2368 368 2404 certumve.
381 2385 412 2395 -
423 2361 461 2422 98.
471 2362 533 2423 fines
548 2375 594 2408 tres
609 2365 687 2407 Burm.
702 2388 733 2397 -
747 2377 784 2422 99.
801 2360 872 2405 undas
887 2376 930 2422 pro
947 2360 993 2406 div.
1008 2358 1061 2405 lect.
1078 2375 1124 2405 tec.
1137 2359 1193 2403 Μο-

149 2443 192 2477 ret.
210 2447 222 2476 a
241 2448 275 2493 pr.
294 2448 324 2476 m.
344 2433 389 2477 Erf.
411 2446 434 2479 et
451 2436 556 2490 Servius;
577 2436 713 2497 exquisitius
733 2433 806 2478 altero
820 2431 884 2477 baud
903 2432 985 2486 dubie,
1003 2431 1192 2493 Judicequoque

150 2504 254 2548 Heinsio.
268 2529 299 2539 -
317 2519 365 2550 100.
381 2505 412 2549 ad
423 2507 545 2550 Laurentia
559 2507 624 2551 beid.
640 2515 663 2551 et
677 2507 703 2549 L.
721 2506 786 2550 Rom.
803 2507 827 2548 r'rt
839 2505 866 2547 L.
884 2502 1021 2549 emendabat
1037 2501 1191 2563 Cuninflbam.

150 2589 203 2618 cum
216 2574 324 2620 Waddel.
338 2575 458 2621 Animadv.
472 2578 528 2621 Crit.
540 2593 563 2639 p.
578 2577 614 2621 28.
628 2578 693 2639 quasi
705 2575 750 2620 boc
762 2590 848 2620 novum
859 2585 918 2619 esset
930 2575 953 2617 in
966 2585 1046 2634 poeta,
1061 2582 1087 2615 ut
1101 2586 1194 2632 praepo-

149 2644 202 2688 sitio
223 2643 307 2689 erulet.
329 2655 421 2691 vexerat
440 2646 525 2692 Medic.
539 2663 551 2691 a
563 2663 594 2690 nr.
606 2663 642 2708 pr.
660 2647 750 2691 duxerit
763 2646 821 2689 Ven.
836 2655 858 2688 et
873 2641 938 2686 Leid.
950 2666 981 2676 —
995 2656 1045 2686 102.
1057 2638 1136 2704 quales
1148 2638 1194 2684 ali-

151 2728 208 2776 quot
222 2718 280 2761 Pier.
293 2729 315 2762 et
327 2716 394 2763 multi
407 2735 444 2779 ap.
459 2720 536 2762 Burm.
548 2719 623 2772 Doto,
646 2711 730 2770 Amol,
743 2715 812 2760 codd.
826 2711 1003 2775 fabularumque
1015 2711 1089 2769 (adde
1099 2711 1196 2756 Homeri

150 2783 216 2831 Iliad.
229 2803 255 2839 e,
268 2784 306 2842 43.
320 2786 362 2845 45)
374 2790 510 2833 auctoritate
522 2789 623 2832 restituit
633 2798 656 2832 et
666 2787 778 2832 adstruxit
787 2784 890 2836 Pierius,
903 2797 972 2843 quem
983 2781 1035 2827 vide
1048 2795 1100 2824 cum
1110 2777 1193 2824 Cerda.

150 2855 227 2918 Vulgo
244 2855 319 2912 Clota,
339 2857 377 2905 vel
394 2857 478 2904 Clotho.
498 2857 528 2903 cl.
542 2857 572 2902 ad
585 2856 663 2902 Valer.
675 2855 709 2901 Fl.
722 2857 744 2910 l,
766 2852 816 2909 134.
834 2851 874 2896 103
887 2852 936 2894 Aut
947 2852 975 2895 G.
989 2851 1053 2894 Rom.
1065 2864 1099 2910 sp.
1112 2849 1195 2894 vortice

150 2941 186 2987 pr.
200 2927 281 2971 llamb.
293 2943 335 2988 pro
345 2945 392 2974 var.
403 2927 457 2974 lect.
469 2940 492 2974 et
501 2927 543 2971 Ed.
552 2929 616 2972 =Ven.
630 2929 708 2972 Burm.
720 2951 752 2962 -
768 2922 818 2979 104.
832 2931 898 2983 atque
907 2938 926 2966 r.
939 2933 1039 2984 quatuor
1050 2921 1130 2964 Burm.
1140 2933 1194 2964 cum

150 2997 219 3044 Goth.
230 3011 282 3045 tert.
295 3025 326 3035 -
341 3001 390 3044 105.
402 3001 505 3063 Perspice
518 2999 586 3044 Goth.
599 3015 644 3045 tec.

185 3139 647 3210 9l·‘l¹⁴⁰f“²“”Ofassl'issWNssmm
696 3140 761 3190 tium
774 3137 933 3202 detulerint,
952 3136 979 3184 in
998 3131 1062 3182 deas
1079 3130 1195 3181 marinas

152 3233 207 3279 ¹³⁸3
222 3221 260 3270 uti
273 3221 327 3269 fam
339 3219 417 3282 vetti,
428 3220 518 3291 flecti,
534 3220 646 3280 mutari5
695 3230 843 3282 mutentur,
857 3235 883 3268 se
896 3214 1063 3286 provisurum
1076 3226 1142 3260 esse.
1152 3209 1201 3260 de-

152 3299 293 3351 dicuntur:
311 3309 360 3349 aut
369 3299 435 3371 quid
448 3299 514 3368 petis
526 3299 578 3350 istis
592 3312 646 3349 tra·
692 3297 812 3368 sancite,
826 3295 899 3367 quod
909 3293 1012 3365 plenius
1024 3291 1068 3354 Vl,
1077 3288 1110 3340 83
1124 3306 1198 3360 mag.

150 3377 239 3444 bibus,
248 3395 294 3429 seu
300 3379 411 3429 travibus
419 3377 455 3447 (h.
463 3380 490 3429 in
497 3397 586 3430 earum
592 3398 649 3450 gra-

150 3459 232 3522 tiam,
246 3477 299 3509 non
314 3470 343 3509 ut
356 3459 496 3509 Burmann.
508 3477 557 3528 pro
571 3458 648 3529 istis).

153 3535 301 3588 immortale
307 3537 367 3608 fas,¹
379 3537 406 3588 h.
425 3537 442 3588 l.
457 3556 506 3608 pro
519 3536 651 3588 conditio-

151 3637 201 3677 ne3
215 3630 244 3667 ut
252 3619 304 3686 jus.
316 3628 449 3688 certusque
457 3616 570 3682 incerta,
580 3628 609 3666 ut
617 3615 651 3666 ab

152 3699 229 3749 initio
237 3699 324 3748 statim
334 3709 443 3763 certum,
452 3709 477 3747 et
485 3695 651 3766 exploratum

151 3775 249 3830 babeat
261 3778 369 3842 AEnoas,
379 3779 405 3827 in
418 3777 542 3846 periculis
554 3778 652 3828 instan-

154 3858 224 3910 tibus
233 3855 652 3925 seincolumemfore.-98.Im-

154 3956 213 3999 mo,
227 3935 272 3984 ubi
283 3964 318 3973 -
334 3935 373 3985 Nc
390 3933 513 4004 procellis
527 3948 552 3985 et
566 3934 650 3986 flucti-

154 4015 204 4065 bus
213 4014 360 4064 obruantur
371 4030 463 4077 naves,
474 4031 501 4064 se
508 4012 651 4082 prohibere

155 4092 228 4145 haud
242 4111 335 4164 posse,
355 4095 391 4145 ait
407 4094 524 4163 Jupiter3
544 4105 573 4143 ut
588 4112 651 4146 vero

157 4193 203 4240 eae,
212 4193 270 4245 quae
276 4175 386 4227 AEneam
395 4172 556 4228 incolumem
565 4175 592 4228 in
603 4175 653 4229 La-

699 3377 739 3428 nis
748 3374 839 3447 pelagi
850 3373 973 3441 defuncte
980 3366 1094 3442 periclis.
1105 3399 1140 3407 —
1152 3385 1195 3437 99.

699 3447 1197 3527 olimquoecunqueevaseritundis.Non

700 3537 768 3587 enim
782 3553 872 3586 omnes
886 3543 1038 3589 evaserant3
1058 3527 1104 3580 sed
1118 3546 1198 3579 unam

699 3615 808 3667 Orontis
820 3625 962 3683 tempestas
975 3620 1102 3660 merserat
1113 3608 1197 3672 mari,

699 3697 723 3757 13
737 3714 745 3746 r
755 3695 797 3746 13:
808 3706 923 3764 quatuor
932 3689 987 3740 alite
995 3689 1110 3739 incensae
1119 3707 1135 3738 a
1143 3704 1199 3737 mu-

699 3775 807 3827 lieribus
824 3776 851 3823 in
867 3770 969 3833 Sicilia,
986 3770 1025 3832 V,
1043 3768 1102 3837 699.
1128 3766 1198 3837 Ergo

700 3875 732 3907 ex
752 3855 800 3905 XX
817 3853 924 3904 navium
943 3867 1053 3900 numero
1072 3865 1127 3897 non
1149 3847 1200 3897 nisi

699 3936 747 3985 XV
771 3932 917 3984 incolumes
943 3929 1059 3980 Tiberim
1085 3929 1200 3977 intrave-

700 4026 769 4065 rant.
785 4043 814 4050 —
829 4012 876 4063 105
886 4028 974 4061 amnes
984 4006 1086 4076 rapidos
1097 4015 1122 4055 et
1133 4015 1201 4054 atros

700 4094 784 4146 voluit
792 4091 890 4144 dicere.
898 4120 931 4129 ν
941 4089 997 4141 106.
1006 4082 1199 4137 Inferiorahaeo

701 4174 848 4230 Homericis
856 4170 932 4226 Iliad.
943 4181 971 4233 A,
986 4167 1088 4238 528·sq.
1101 4162 1149 4227 Ἠ,
1160 4158 1200 4222 nal
