2700 4822
422 386 657 453 AElt'EtDos
680 387 834 452 LIBER
857 389 920 453 lX.
1149 398 1189 481 47

149 510 370 602 Serranoque,
383 514 558 600 Numaque
570 535 578 573 :
591 513 707 598 ingens
719 534 898 577 concursus
909 510 952 577 nd
964 512 1035 601 ipsa

150 623 310 709 Corpora,
322 621 572 708 seminecesque
584 621 687 697 viros,
701 619 880 709 tepidaque
892 639 1060 687 recentem
1134 633 1192 692 'itt

150 725 246 789 Caede
259 724 384 803 locum,
398 742 431 788 et
443 724 561 811 plenos
573 725 739 811 spumanti
751 727 910 811 sanguine
922 727 1020 792 rivos.

149 828 364 917 Adgnoscunt
376 829 482 916 spolia
494 831 581 893 inter
593 851 643 907 se,
657 829 851 918 galeamque
863 832 1024 897 nitentem

149 936 306 1022 Messapi,
319 951 353 999 et
363 935 469 998 multo
481 934 632 1022 phaleras
644 933 766 1000 sudore
779 954 937 1024 receptas.

189 1041 232 1103 Et
238 1041 309 1128 jam
321 1042 427 1128 prima
439 1062 527 1103 novo
539 1040 713 1127 spargebat
724 1041 850 1105 lumine
863 1060 966 1107 terras

148 1146 284 1211 Tithoni
296 1171 451 1213 croceum
463 1147 619 1236 linquens
630 1152 756 1213 Aurora
768 1148 893 1228 cubile3

148 1253 219 1316 Jam
228 1252 300 1317 sole
312 1254 437 1333 infuso,
446 1253 516 1342 jam
528 1253 627 1318 rebus
639 1253 713 1318 luce
725 1255 873 1333 retectis,

150 1358 281 1422 Turnus
295 1360 329 1421 in
340 1382 432 1423 arma
443 1361 545 1439 viros,
559 1360 658 1423 armis
671 1358 893 1423 circumdatus
905 1359 989 1446 ipse,

150 1462 302 1543 Suscitat;
314 1482 495 1553 aeratasque
506 1466 594 1529 acies
608 1466 643 1527 in
655 1465 767 1551 praelia
778 1465 880 1551 cogit,

150 1568 295 1656 Quisque
307 1591 399 1648 suos,
412 1571 577 1658 variisque
588 1587 712 1653 acuunt
724 1569 913 1637 rumoribus
927 1570 998 1633 iras.

176 1743 228 1801 lii.
246 1745 345 1791 Senem
359 1745 430 1809 vulgo
447 1758 470 1793 et
487 1744 534 1790 hie.
554 1762 575 1788 r.
593 1761 644 1807 sup.
662 1745 691 1792 ad
710 1744 763 1792 335.
784 1746 897 1810 llemoque
915 1747 987 1809 possit
1008 1749 1061 1809 quis
1081 1752 1194 1813 suspicari

152 1830 174 1861 ex
187 1833 209 1862 v.
227 1814 283 1862 330.
298 1818 414 1880 lamoqee
429 1818 466 1862 Jo.
483 1814 606 1862 Schrader.
623 1816 669 1861 Sed
685 1817 778 1862 doctius
795 1819 891 1878 ponitur
909 1831 971 1865 nunc
990 1832 1075 1864 novum
1093 1835 1193 1882 nomen,
1289 1834 1297 1848 ⁸

150 1900 253 1950 utsupra
269 1905 293 1934 v.
307 1887 353 1943 343
366 1903 400 1950 sq.
416 1899 481 1934 tanto
495 1887 562 1949 phun
576 1889 714 1949 praeteriisse
727 1886 842 1932 videatur.
855 1913 886 1922 -
898 1887 950 1945 455.
965 1890 1122 1954 seminecisque
1135 1893 1194 1942 ultas

149 1952 271 2024 hamburg.
289 1976 336 2007 sec.
355 1962 496 2025 tepidumque
512 1963 595 2005 menti
610 1960 675 2004 Cede
692 1960 765 2005 locum
781 1958 881 2021 vulgaris
898 1958 968 2006 lectio
982 1962 1005 2005 in
1022 1962 1125 2009 Romano
1140 1982 1193 2029 reg.

149 2031 213 2081 uehat
233 2048 240 2078 :
262 2048 314 2077 earn
332 2049 389 2079 vero
407 2035 432 2077 in
450 2033 498 2077 suis
517 2030 586 2077 codd.
606 2047 654 2080 non
675 2047 798 2077 occurrere
818 2043 914 2077 testatur
938 2031 1016 2077 lleins.
1039 2046 1194 2101 preterquam

148 2102 169 2147 in
183 2103 247 2149 Gnd.
264 2120 281 2149 a
294 2119 326 2148 m.
343 2121 379 2166 pr.
395 2104 483 2149 Tamen
500 2113 524 2149 et
540 2102 625 2148 Medic.
643 2102 772 2148 seeundum
788 2102 926 2165 Foggiuium
942 2102 1072 2165 ambiguam
1090 2109 1193 2169 seriptu-

148 2188 191 2219 ram
206 2173 289 2221 hahet.
306 2175 407 2223 Alteram
423 2175 566 2222 lectionem:
580 2174 697 2237 tepidaque
713 2183 824 2220 recentem
840 2173 905 2218 Crede
923 2171 1007 2231 locum,
1024 2188 1049 2220 ut
1058 2178 1106 2239 jam
1118 2179 1194 2241 Egna-

148 2246 187 2292 tius
203 2245 357 2293 emendatum
377 2247 454 2301 dedit,
475 2246 537 2292 hene
553 2259 606 2308 post
621 2247 664 2292 Ge.
683 2246 772 2292 Fabric.
790 2245 851 2293 Pier.
868 2258 891 2291 et
911 2244 968 2291 alios
987 2246 1094 2297 Heinsius
1114 2263 1193 2301 tuetur

148 2320 263 2365 etServio
272 2330 297 2363 et
305 2316 409 2365 Macrob.
420 2319 452 2362 Vl
461 2319 508 2364 Sat.
518 2317 541 2362 6.
551 2319 590 2363 Est
602 2333 629 2363 ea
645 2317 709 2363 haud
725 2316 797 2363 dubie
812 2316 954 2379 elegantior;
969 2336 989 2364 v.
1000 2320 1089 2366 Notum.
1102 2322 1193 2385 tepide·

147 2403 186 2451 qne
195 2388 325 2434 madentem
335 2389 360 2434 C.
372 2387 387 2435 l.
398 2390 494 2437 Porcius
503 2390 585 2444 Pierii,
598 2404 651 2435 cum
661 2387 699 2434 ed.
716 2387 813 2435 Mediol.
826 2412 857 2422 -
868 2386 921 2445 456.
930 2384 998 2450 pleno
1007 2393 1131 2452 spumantis
1140 2407 1193 2439 sau-

146 2463 209 2521 5tu'ttc
225 2463 286 2509 rivos
302 2459 391 2521 aliquot
407 2461 501 2515 Heius,
515 2461 541 2507 it.
558 2459 619 2513 Eri,
639 2460 709 2503 etiam
724 2457 810 2504 Medic.
828 2475 840 2504 a
856 2457 967 2518 Foggiuio
979 2474 1111 2520 expressus,
1123 2478 1194 2527 quem

146 2528 253 2577 Heinsius
262 2546 318 2577 cunt
326 2529 387 2577 Gud.
407 2543 430 2576 et
446 2545 482 2592 pr.
499 2530 591 2591 Menag.
602 2527 681 2591 plenos
690 2531 815 2590 spumantis
833 2520 942 2575 exhihere
959 2541 1048 2584 narrat,
1067 2533 1192 2592 spumentt't
1235 2546 1240 2553 '

147 2604 214 2651 etiam
224 2617 254 2648 ex
263 2602 369 2649 Romano
378 2613 495 2656 notatum,
511 2609 534 2645 et
541 2598 620 2661 plenos
635 2601 759 2662 spumantis
774 2600 934 2660 prescriptum
949 2599 1034 2643 Donati
1050 2615 1190 2649 commento.

147 2669 181 2723 Est
190 2683 273 2721 antem
282 2670 340 2725 hoe,
350 2670 415 2733 quod
424 2683 448 2717 et
456 2669 631 2730 Ciminghsmus
640 2685 702 2714 nune
712 2681 735 2713 et
743 2666 876 2714 Wakefield
884 2682 1015 2731 expressum
1026 2667 1103 2724 dedit,
1114 2673 1194 2720 scitius

147 2737 207 2787 haud
225 2742 299 2788 dubie
315 2741 468 2806 doctiusque:
482 2740 550 2804 pleno
565 2750 694 2803 spumantes
702 2742 810 2806 sanquine
819 2742 890 2794 emor,
901 2754 969 2802 quam
984 2738 1098 2785 alterum:
1115 2741 1194 2805 plenos

147 2815 262 2874 munmnti
269 2828 288 2857 s.
299 2828 319 2856 r.
329 2812 459 2874 Utrumque
470 2825 547 2856 tamen
556 2809 637 2872 paullo
646 2806 824 2873 τραγικώτερον,
835 2821 861 2853 ut
869 2808 944 2854 solent
956 2811 999 2852 rivi
1006 2812 1120 2872 snrrpriinis
1134 2813 1193 2871 dici,

146 2896 207 2941 usne
215 2881 282 2945 pieni
288 2884 402 2946 sortqnine.
413 2883 506 2929 Servius
514 2889 654 2944 spumantem
670 2896 689 2926 s.
707 2884 765 2926 neos
782 2879 838 2941 legit
848 2894 878 2925 se.
892 2879 981 2933 locum,
994 2880 1062 2924 nimis
1072 2884 1193 2942 magnifiee

147 2952 243 3005 incaede
249 2946 342 3015 aliquot
347 2954 458 2997 virorum.
467 2978 499 2988 -
509 2951 562 3014 457.
573 2952 713 3016 &ignoscunt
721 2967 760 3014 qu.
769 2951 853 2995 Moret.
862 2975 892 2985 -
902 2948 954 3005 liin.
967 2952 1041 2994 ritant
1047 2950 1115 2997 Goth.
1125 2965 1192 3011 tert,

146 3022 238 3074 stolide.
251 3048 284 3057 -
294 3021 348 3078 461.
359 3022 416 3067 Cum
426 3039 445 3068 s.
458 3025 472 3066 ι’.
483 3021 545 3067 idem
554 3021 623 3067 Goth.
632 3035 698 3077 tert,
711 3020 776 3084 quod
785 3021 840 3065 terri
848 3030 933 3082 posset.
947 3021 1040 3081 receptis
1049 3033 1104 3065 vett.
1116 3038 1194 3069 erem-

145 3091 221 3153 plaria·
231 3102 270 3155 sp·¹
283 3090 345 3137 Pier.
360 3089 443 3137 ›telt'etis
461 3107 498 3153 pr.
511 3092 592 3138 llamh.
605 3118 636 3127 -
648 3089 701 3148 464.
717 3090 815 3154 Quisque
827 3104 881 3135 suos
897 3104 928 3135 sc.
949 3089 1105 3135 scientiane.
1120 3090 1194 3138 etalii

145 3160 225 3207 heisa.
240 3171 267 3206 ee
275 3160 354 3205 Bum.
366 3174 419 3206 eunt
432 3160 501 3206 (torn
514 3173 566 3207 tert.
581 3164 614 3207 lta
628 3164 706 3206 oratio
717 3163 750 3206 sie
764 3160 872 3222 procedit
882 3175 888 3204 z
901 3168 1027 3221 oemmsqes
1036 3161 1095 3204 oeiss
1106 3163 1130 3204 in
1139 3176 1196 3224 pra·

147 3229 175 3276 lie
183 3233 246 3295 cepit
256 3230 356 3294 Quisque
364 3245 431 3287 utos,
442 3231 507 3295 quod
517 3247 571 3278 sane
582 3232 779 3294 expeditissimum
790 3244 852 3286 erat,
871 3230 982 3292 quodque
994 3230 1114 3292 proelerstn
1126 3248 1196 3293 ergu-

146 3305 182 3350 tiis
194 3300 293 3351 aunum
305 3301 415 3350 indietis.
427 3304 456 3349 At
467 3306 561 3367 quisque
572 3304 746 3355 secernebatur
762 3303 804 3349 Ge.
823 3302 913 3349 Fabrie.
928 3301 1071 3361 (secundum
1087 3302 1195 3352 lienteri-

145 3479 179 3489 -
191 3447 257 3514 455„
277 3446 338 3515 456.
357 3449 496 3522 tepidaque
514 3461 647 3503 recentum
696 3448 784 3503 adhuc
797 3467 930 3531 eruorsmg
942 3442 1020 3510 qius,
1036 3439 1097 3502 eins
1108 3444 1193 3517 mpii.

145 3528 217 3587 φαώ-
233 3525 341 3581 iocum:
354 3527 436 3585 docte
449 3542 475 3581 et
496 3529 647 3601 eleganter,
695 3531 736 3583 lta
754 3542 781 3583 et
799 3545 860 3579 mox
876 3523 967 3596 plenos
986 3524 1121 3593 spumanti
1137 3544 1195 3580 san.

145 3625 202 3667 nott
215 3626 266 3678 pet
277 3607 453 3680 hypallagen,
468 3621 498 3660 ut
515 3609 594 3680 vulgo
607 3627 649 3661 ex·
693 3606 776 3679 quine
788 3605 855 3657 rivos
869 3604 954 3655 dictos
969 3602 1059 3671 accipe
1075 3621 1123 3673 pro
1136 3605 1195 3661 rivis

145 3699 265 3756 ponunt,
276 3687 324 3738 sed
332 3700 442 3758 propter
450 3689 648 3758 exquisitiorem
695 3684 840 3756 sanguinis.
853 3684 908 3735 Nee
919 3694 1008 3733 tamen
1019 3682 1195 3758 infitiandum,

146 3767 647 3840 etremotamevulgarittsuformaru.
696 3764 789 3836 paullo
808 3762 950 3826 tumidius,
974 3774 1001 3815 et
1020 3765 1117 3835 tragice
1142 3766 1195 3823 hoe

147 3844 217 3901 Itan
244 3843 317 3903 loeus
342 3864 427 3899 recem
449 3847 518 3899 cede
544 3846 648 3905 doctius
698 3845 875 3899 dictumesse.
889 3843 1080 3897 cf.Var.hect.

149 3922 250 3983 dietum
277 3938 331 3992 est,
355 3944 436 3997 quam
459 3924 530 3985 loeus
553 3926 650 3978 recenti
734 3925 794 3991 460.
808 3925 964 3977 Homericus
981 3941 1019 3975 vs.
1038 3924 1112 3977 lliad.
1126 3941 1155 3989 t,
1173 3943 1193 3980 ι.

149 4003 230 4069 code,
247 4006 277 4057 in
294 4022 352 4075 quo
365 4005 451 4059 eaedes
463 4023 555 4061 recens
567 4007 648 4059 laeta.
697 4004 797 4072 -464,
805 4004 926 4059 Debshst
937 4022 1007 4058 esse:
1018 4004 1088 4057 acies
1096 4005 1124 4057 iu
1132 4025 1197 4076 pra·

148 4081 182 4141 At
197 4083 279 4146 tedes
290 4083 379 4155 tepide
390 4097 503 4156 propter
515 4096 649 4156 tepentem
699 4082 999 4159 iiaooquntetacutmt:
1013 4102 1036 4137 t.
1050 4086 1113 4139 Ver.
1123 4087 1195 4141 Loet.
