<?xml version="1.0" encoding="UTF-8"?>
<!DOCTYPE html PUBLIC "-//W3C//DTD XHTML 1.0 Transitional//EN"
    "http://www.w3.org/TR/xhtml1/DTD/xhtml1-transitional.dtd">
<html xmlns="http://www.w3.org/1999/xhtml" xml:lang="en" lang="en">
 <head>
  <title>
</title>
<meta http-equiv="Content-Type" content="text/html;charset=utf-8" />
  <meta name='ocr-system' content='tesseract 3.04.00' />
  <meta name='ocr-capabilities' content='ocr_page ocr_carea ocr_par ocr_line ocrx_word'/>
</head>
<body>
  <div class='ocr_page' id='page_1' title='image "bibliothecaclas22lemagoog_0019.png"; bbox 0 0 2700 4822; ppageno 0'>
   <div class='ocr_carea' id='block_1_1' title="bbox 146 391 945 466">
    <p class='ocr_par' dir='ltr' id='par_1_1' title="bbox 146 391 945 466">
     <span class='ocr_line' id='line_1_1' title="bbox 146 391 945 466; baseline -0.011 0"><span class='ocrx_word' id='word_1_1' title='bbox 146 402 168 466; x_wconf 78' lang='lat' dir='ltr'>b&#39;</span> <span class='ocrx_word' id='word_1_2' title='bbox 395 396 432 457; x_wconf 88' lang='lat' dir='ltr'>P.</span> <span class='ocrx_word' id='word_1_3' title='bbox 455 391 686 455; x_wconf 76' lang='lat' dir='ltr'>VlllGlLll</span> <span class='ocrx_word' id='word_1_4' title='bbox 710 393 945 465; x_wconf 84' lang='lat' dir='ltr'>MAllONlS</span> 
     </span>
    </p>
   </div>
   <div class='ocr_carea' id='block_1_2' title="bbox 99 512 1198 1559">
    <p class='ocr_par' dir='ltr' id='par_1_2' title="bbox 99 512 979 601">
     <span class='ocr_line' id='line_1_2' title="bbox 99 512 979 601; baseline -0.006 -15"><span class='ocrx_word' id='word_1_5' title='bbox 99 580 102 585; x_wconf 94' lang='lat'>.</span> <span class='ocrx_word' id='word_1_6' title='bbox 146 525 208 585; x_wconf 91' lang='lat' dir='ltr'>Per</span> <span class='ocrx_word' id='word_1_7' title='bbox 220 519 355 583; x_wconf 88' lang='lat' dir='ltr'>tacitum</span> <span class='ocrx_word' id='word_1_8' title='bbox 368 517 511 601; x_wconf 79' lang='lat' dir='ltr'><strong>Ganges,</strong></span> <span class='ocrx_word' id='word_1_9' title='bbox 524 529 581 577; x_wconf 88' lang='lat' dir='ltr'>aut</span> <span class='ocrx_word' id='word_1_10' title='bbox 593 513 708 601; x_wconf 92' lang='lat' dir='ltr'>pingui</span> <span class='ocrx_word' id='word_1_11' title='bbox 720 512 857 578; x_wconf 89' lang='lat' dir='ltr'>flumine</span> <span class='ocrx_word' id='word_1_12' title='bbox 870 517 979 595; x_wconf 88' lang='lat' dir='ltr'>Nilus,</span> 
     </span>
    </p>

    <p class='ocr_par' dir='ltr' id='par_1_3' title="bbox 145 617 979 708">
     <span class='ocr_line' id='line_1_3' title="bbox 145 617 979 708; baseline -0.001 -20"><span class='ocrx_word' id='word_1_13' title='bbox 145 627 257 707; x_wconf 86' lang='lat' dir='ltr'>Quum</span> <span class='ocrx_word' id='word_1_14' title='bbox 269 622 379 687; x_wconf 86' lang='lat' dir='ltr'>refluit</span> <span class='ocrx_word' id='word_1_15' title='bbox 391 620 529 707; x_wconf 88' lang='lat' dir='ltr'>campis,</span> <span class='ocrx_word' id='word_1_16' title='bbox 544 636 577 682; x_wconf 91' lang='lat' dir='ltr'>et</span> <span class='ocrx_word' id='word_1_17' title='bbox 584 618 653 708; x_wconf 88' lang='lat' dir='ltr'>jam</span> <span class='ocrx_word' id='word_1_18' title='bbox 666 641 701 683; x_wconf 89' lang='lat' dir='ltr'>se</span> <span class='ocrx_word' id='word_1_19' title='bbox 714 617 864 685; x_wconf 84' lang='lat' dir='ltr'>condidit</span> <span class='ocrx_word' id='word_1_20' title='bbox 874 623 979 687; x_wconf 87' lang='lat' dir='ltr'>alveo.</span> 
     </span>
    </p>

    <p class='ocr_par' dir='ltr' id='par_1_4' title="bbox 147 714 942 814">
     <span class='ocr_line' id='line_1_4' title="bbox 147 714 942 814; baseline -0.006 -18"><span class='ocrx_word' id='word_1_21' title='bbox 147 733 209 796; x_wconf 91' lang='lat' dir='ltr'>Hic</span> <span class='ocrx_word' id='word_1_22' title='bbox 222 729 363 794; x_wconf 89' lang='lat' dir='ltr'>subitam</span> <span class='ocrx_word' id='word_1_23' title='bbox 375 727 469 814; x_wconf 92' lang='lat' dir='ltr'>nigro</span> <span class='ocrx_word' id='word_1_24' title='bbox 482 725 656 814; x_wconf 89' lang='lat' dir='ltr'>glomerari</span> <span class='ocrx_word' id='word_1_25' title='bbox 668 714 806 812; x_wconf 79' lang='lat' dir='ltr'>pulvere</span> <span class='ocrx_word' id='word_1_26' title='bbox 818 726 942 791; x_wconf 85' lang='lat' dir='ltr'>nubem</span> 
     </span>
    </p>

    <p class='ocr_par' dir='ltr' id='par_1_5' title="bbox 146 829 1049 923">
     <span class='ocr_line' id='line_1_5' title="bbox 146 829 1049 923; baseline -0.004 -23"><span class='ocrx_word' id='word_1_27' title='bbox 146 834 354 923; x_wconf 78' lang='lat' dir='ltr'>Prospiciunt</span> <span class='ocrx_word' id='word_1_28' title='bbox 366 831 503 911; x_wconf 82' lang='lat' dir='ltr'><strong>Teucri,</strong></span> <span class='ocrx_word' id='word_1_29' title='bbox 517 854 554 895; x_wconf 90' lang='lat' dir='ltr'>ac</span> <span class='ocrx_word' id='word_1_30' title='bbox 567 829 718 894; x_wconf 80' lang='lat' dir='ltr'>tenebras</span> <span class='ocrx_word' id='word_1_31' title='bbox 731 831 900 919; x_wconf 75' lang='lat' dir='ltr'>insurgere</span> <span class='ocrx_word' id='word_1_32' title='bbox 913 834 1049 922; x_wconf 87' lang='lat' dir='ltr'>campis.</span> 
     </span>
    </p>

    <p class='ocr_par' dir='ltr' id='par_1_6' title="bbox 147 936 1197 1135">
     <span class='ocr_line' id='line_1_6' title="bbox 147 936 1197 1007; baseline -0.005 -1"><span class='ocrx_word' id='word_1_33' title='bbox 147 943 275 1007; x_wconf 91' lang='lat' dir='ltr'>Primus</span> <span class='ocrx_word' id='word_1_34' title='bbox 287 938 328 1004; x_wconf 91' lang='lat' dir='ltr'>ab</span> <span class='ocrx_word' id='word_1_35' title='bbox 340 936 478 1003; x_wconf 90' lang='lat' dir='ltr'>adversa</span> <span class='ocrx_word' id='word_1_36' title='bbox 489 937 673 1002; x_wconf 90' lang='lat' dir='ltr'>conclamat</span> <span class='ocrx_word' id='word_1_37' title='bbox 684 937 772 1001; x_wconf 90' lang='lat' dir='ltr'>mole</span> <span class='ocrx_word' id='word_1_38' title='bbox 784 938 920 1002; x_wconf 88' lang='lat' dir='ltr'>Caicus:</span> <span class='ocrx_word' id='word_1_39' title='bbox 1163 954 1197 1002; x_wconf 75' lang='lat'>³5</span> 
     </span>
     <span class='ocr_line' id='line_1_7' title="bbox 150 1010 952 1135; baseline 0.002 -27"><span class='ocrx_word' id='word_1_40' title='bbox 150 1049 255 1131; x_wconf 75' lang='lat' dir='ltr'>«Quis</span> <span class='ocrx_word' id='word_1_41' title='bbox 268 1046 399 1135; x_wconf 73' lang='lat' dir='ltr'>globuS,</span> <span class='ocrx_word' id='word_1_42' title='bbox 414 1069 434 1109; x_wconf 92' lang='grc' dir='ltr'><strong>ο</strong></span> <span class='ocrx_word' id='word_1_43' title='bbox 446 1045 548 1123; x_wconf 88' lang='lat' dir='ltr'>cives,</span> <span class='ocrx_word' id='word_1_44' title='bbox 562 1044 700 1132; x_wconf 89' lang='lat' dir='ltr'>caligine</span> <span class='ocrx_word' id='word_1_45' title='bbox 713 1010 857 1108; x_wconf 72' lang='lat' dir='ltr'>adluitur</span> <span class='ocrx_word' id='word_1_46' title='bbox 868 1051 952 1110; x_wconf 85' lang='lat' dir='ltr'>atra!</span> 
     </span>
    </p>

    <p class='ocr_par' dir='ltr' id='par_1_7' title="bbox 147 1149 944 1231">
     <span class='ocr_line' id='line_1_8' title="bbox 147 1149 944 1231; baseline -0.005 -12"><span class='ocrx_word' id='word_1_47' title='bbox 147 1158 242 1219; x_wconf 88' lang='lat' dir='ltr'>Ferte</span> <span class='ocrx_word' id='word_1_48' title='bbox 255 1154 311 1218; x_wconf 92' lang='lat' dir='ltr'>citi</span> <span class='ocrx_word' id='word_1_49' title='bbox 323 1154 463 1230; x_wconf 81' lang='lat' dir='ltr'>ferrum,</span> <span class='ocrx_word' id='word_1_50' title='bbox 478 1149 553 1214; x_wconf 87' lang='lat' dir='ltr'>date</span> <span class='ocrx_word' id='word_1_51' title='bbox 565 1151 644 1229; x_wconf 92' lang='lat' dir='ltr'>tela,</span> <span class='ocrx_word' id='word_1_52' title='bbox 658 1149 804 1214; x_wconf 83' lang='lat' dir='ltr'>scandite</span> <span class='ocrx_word' id='word_1_53' title='bbox 816 1174 944 1231; x_wconf 89' lang='lat' dir='ltr'>muros,</span> 
     </span>
    </p>

    <p class='ocr_par' dir='ltr' id='par_1_8' title="bbox 148 1255 975 1345">
     <span class='ocr_line' id='line_1_9' title="bbox 148 1255 975 1345; baseline -0.005 -19"><span class='ocrx_word' id='word_1_54' title='bbox 148 1260 260 1326; x_wconf 88' lang='lat' dir='ltr'>Hostis</span> <span class='ocrx_word' id='word_1_55' title='bbox 272 1258 380 1336; x_wconf 88' lang='lat' dir='ltr'>adest,</span> <span class='ocrx_word' id='word_1_56' title='bbox 394 1257 457 1321; x_wconf 83' lang='lat' dir='ltr'>eia!</span> <span class='ocrx_word' id='word_1_57' title='bbox 471 1285 483 1313; x_wconf 74' lang='lat' dir='ltr'>u</span> <span class='ocrx_word' id='word_1_58' title='bbox 500 1255 630 1345; x_wconf 75' lang='lat' dir='ltr'>Ingenti</span> <span class='ocrx_word' id='word_1_59' title='bbox 642 1256 785 1321; x_wconf 88' lang='lat' dir='ltr'>clamore</span> <span class='ocrx_word' id='word_1_60' title='bbox 797 1279 857 1344; x_wconf 90' lang='lat' dir='ltr'>per</span> <span class='ocrx_word' id='word_1_61' title='bbox 869 1258 975 1322; x_wconf 91' lang='lat' dir='ltr'>omnis</span> 
     </span>
    </p>

    <p class='ocr_par' dir='ltr' id='par_1_9' title="bbox 147 1363 982 1450">
     <span class='ocr_line' id='line_1_10' title="bbox 147 1363 982 1450; baseline -0.005 -20"><span class='ocrx_word' id='word_1_62' title='bbox 147 1365 304 1430; x_wconf 90' lang='lat' dir='ltr'>Condunt</span> <span class='ocrx_word' id='word_1_63' title='bbox 317 1385 351 1428; x_wconf 87' lang='lat' dir='ltr'>se</span> <span class='ocrx_word' id='word_1_64' title='bbox 364 1363 486 1426; x_wconf 89' lang='lat' dir='ltr'>Teucri</span> <span class='ocrx_word' id='word_1_65' title='bbox 498 1379 624 1449; x_wconf 90' lang='lat' dir='ltr'>portas,</span> <span class='ocrx_word' id='word_1_66' title='bbox 640 1378 672 1427; x_wconf 92' lang='lat' dir='ltr'>et</span> <span class='ocrx_word' id='word_1_67' title='bbox 683 1363 804 1426; x_wconf 88' lang='lat' dir='ltr'>moenia</span> <span class='ocrx_word' id='word_1_68' title='bbox 816 1363 982 1450; x_wconf 90' lang='lat' dir='ltr'>conplent.</span> 
     </span>
    </p>

    <p class='ocr_par' dir='ltr' id='par_1_10' title="bbox 146 1456 1198 1559">
     <span class='ocr_line' id='line_1_11' title="bbox 146 1456 1198 1559; baseline -0.004 -23"><span class='ocrx_word' id='word_1_69' title='bbox 146 1475 296 1559; x_wconf 79' lang='lat' dir='ltr'>Namque</span> <span class='ocrx_word' id='word_1_70' title='bbox 310 1471 354 1533; x_wconf 87' lang='lat' dir='ltr'>ita</span> <span class='ocrx_word' id='word_1_71' title='bbox 367 1456 542 1533; x_wconf 73' lang='lat' dir='ltr'>discedens</span> <span class='ocrx_word' id='word_1_72' title='bbox 552 1485 753 1556; x_wconf 76' lang='lat' dir='ltr'>praeceperat</span> <span class='ocrx_word' id='word_1_73' title='bbox 765 1485 920 1556; x_wconf 90' lang='lat' dir='ltr'>optumus</span> <span class='ocrx_word' id='word_1_74' title='bbox 932 1470 1031 1534; x_wconf 86' lang='lat' dir='ltr'>armis</span> <span class='ocrx_word' id='word_1_75' title='bbox 1162 1485 1198 1542; x_wconf 77' lang='grc' dir='ltr'>4ο</span> 
     </span>
    </p>
   </div>
   <div class='ocr_carea' id='block_1_3' title="bbox 146 1607 1199 2948">
    <p class='ocr_par' dir='ltr' id='par_1_11' title="bbox 146 1607 1199 2948">
     <span class='ocr_line' id='line_1_12' title="bbox 178 1607 1194 1671; baseline -0.001 -14"><span class='ocrx_word' id='word_1_76' title='bbox 178 1613 215 1657; x_wconf 75' lang='lat'>32.</span> <span class='ocrx_word' id='word_1_77' title='bbox 239 1611 296 1655; x_wconf 86' lang='lat' dir='ltr'>Cum</span> <span class='ocrx_word' id='word_1_78' title='bbox 312 1625 331 1652; x_wconf 86' lang='lat' dir='ltr'>r.</span> <span class='ocrx_word' id='word_1_79' title='bbox 349 1611 403 1670; x_wconf 85' lang='lat' dir='ltr'>ripis</span> <span class='ocrx_word' id='word_1_80' title='bbox 416 1610 490 1669; x_wconf 85' lang='lat' dir='ltr'>Bigot.</span> <span class='ocrx_word' id='word_1_81' title='bbox 506 1618 529 1653; x_wconf 90' lang='lat' dir='ltr'>et</span> <span class='ocrx_word' id='word_1_82' title='bbox 542 1607 610 1653; x_wconf 89' lang='lat' dir='ltr'>Goth.</span> <span class='ocrx_word' id='word_1_83' title='bbox 625 1621 677 1654; x_wconf 90' lang='lat' dir='ltr'>tert.</span> <span class='ocrx_word' id='word_1_84' title='bbox 683 1643 690 1664; x_wconf 94' lang='lat'>,</span> <span class='ocrx_word' id='word_1_85' title='bbox 707 1625 735 1654; x_wconf 79' lang='lat' dir='ltr'>er</span> <span class='ocrx_word' id='word_1_86' title='bbox 751 1611 944 1670; x_wconf 81' lang='lat' dir='ltr'>interpretatione</span> <span class='ocrx_word' id='word_1_87' title='bbox 960 1625 966 1654; x_wconf 71' lang='grc' dir='ltr'><strong><em>τ</em></strong></span> <span class='ocrx_word' id='word_1_88' title='bbox 983 1611 1043 1655; x_wconf 86' lang='lat' dir='ltr'>intra</span> <span class='ocrx_word' id='word_1_89' title='bbox 1059 1611 1129 1671; x_wconf 82' lang='lat' dir='ltr'>ripas.</span> <span class='ocrx_word' id='word_1_90' title='bbox 1147 1610 1194 1656; x_wconf 87' lang='lat' dir='ltr'>Sed</span> 
     </span>
     <span class='ocr_line' id='line_1_13' title="bbox 147 1677 1198 1740; baseline -0.003 -11"><span class='ocrx_word' id='word_1_91' title='bbox 147 1683 226 1729; x_wconf 88' lang='lat' dir='ltr'>refluit</span> <span class='ocrx_word' id='word_1_92' title='bbox 242 1681 315 1725; x_wconf 88' lang='lat' dir='ltr'>amuis</span> <span class='ocrx_word' id='word_1_93' title='bbox 330 1680 451 1740; x_wconf 86' lang='lat' dir='ltr'>ecampis,</span> <span class='ocrx_word' id='word_1_94' title='bbox 463 1693 522 1740; x_wconf 87' lang='lat' dir='ltr'>quos</span> <span class='ocrx_word' id='word_1_95' title='bbox 531 1678 660 1724; x_wconf 91' lang='lat' dir='ltr'>inundavit.</span> <span class='ocrx_word' id='word_1_96' title='bbox 676 1677 728 1725; x_wconf 83' lang='lat' dir='ltr'>cluo</span> <span class='ocrx_word' id='word_1_97' title='bbox 737 1681 818 1725; x_wconf 80' lang='lat' dir='ltr'>Fraus.</span> <span class='ocrx_word' id='word_1_98' title='bbox 829 1705 860 1714; x_wconf 92' lang='lat'>-</span> <span class='ocrx_word' id='word_1_99' title='bbox 871 1680 909 1726; x_wconf 84' lang='lat'>33.</span> <span class='ocrx_word' id='word_1_100' title='bbox 920 1679 992 1726; x_wconf 79' lang='lat' dir='ltr'>subito</span> <span class='ocrx_word' id='word_1_101' title='bbox 1002 1680 1107 1726; x_wconf 76' lang='lat' dir='ltr'>Perrhae.</span> <span class='ocrx_word' id='word_1_102' title='bbox 1118 1680 1198 1726; x_wconf 67' lang='lat' dir='ltr'>unito</span> 
     </span>
     <span class='ocr_line' id='line_1_14' title="bbox 146 1750 1196 1819; baseline 0.002 -22"><span class='ocrx_word' id='word_1_103' title='bbox 146 1772 169 1819; x_wconf 73' lang='lat' dir='ltr'>q.</span> <span class='ocrx_word' id='word_1_104' title='bbox 186 1751 255 1798; x_wconf 86' lang='lat' dir='ltr'>Goth.</span> <span class='ocrx_word' id='word_1_105' title='bbox 274 1762 327 1796; x_wconf 89' lang='lat' dir='ltr'>tert.</span> <span class='ocrx_word' id='word_1_106' title='bbox 344 1765 474 1812; x_wconf 83' lang='lat' dir='ltr'>perperam.</span> <span class='ocrx_word' id='word_1_107' title='bbox 490 1763 569 1812; x_wconf 82' lang='lat' dir='ltr'>maquo</span> <span class='ocrx_word' id='word_1_108' title='bbox 576 1766 598 1813; x_wconf 83' lang='grc'>9.</span> <span class='ocrx_word' id='word_1_109' title='bbox 609 1750 669 1794; x_wconf 89' lang='lat' dir='ltr'>Gud.</span> <span class='ocrx_word' id='word_1_110' title='bbox 681 1767 734 1796; x_wconf 86' lang='lat' dir='ltr'>am.</span> <span class='ocrx_word' id='word_1_111' title='bbox 744 1768 780 1814; x_wconf 85' lang='lat' dir='ltr'>pr.</span> <span class='ocrx_word' id='word_1_112' title='bbox 792 1754 816 1796; x_wconf 85' lang='lat' dir='ltr'>in</span> <span class='ocrx_word' id='word_1_113' title='bbox 827 1750 918 1814; x_wconf 82' lang='lat' dir='ltr'>puluere</span> <span class='ocrx_word' id='word_1_114' title='bbox 928 1752 1026 1798; x_wconf 87' lang='lat' dir='ltr'>Oudart.</span> <span class='ocrx_word' id='word_1_115' title='bbox 1038 1777 1069 1787; x_wconf 90' lang='lat'>-</span> <span class='ocrx_word' id='word_1_116' title='bbox 1081 1752 1118 1809; x_wconf 71' lang='grc'>34.</span> <span class='ocrx_word' id='word_1_117' title='bbox 1131 1753 1196 1798; x_wconf 83' lang='lat' dir='ltr'>Cou-</span> 
     </span>
     <span class='ocr_line' id='line_1_15' title="bbox 147 1820 1196 1887; baseline -0.001 -18"><span class='ocrx_word' id='word_1_118' title='bbox 147 1827 246 1887; x_wconf 84' lang='lat' dir='ltr'>spiciuut</span> <span class='ocrx_word' id='word_1_119' title='bbox 258 1839 286 1884; x_wconf 90' lang='lat' dir='ltr'>pr</span> <span class='ocrx_word' id='word_1_120' title='bbox 309 1820 435 1881; x_wconf 85' lang='lat' dir='ltr'>llamburg.</span> <span class='ocrx_word' id='word_1_121' title='bbox 450 1820 570 1882; x_wconf 77' lang='lat' dir='ltr'>Aspiciam</span> <span class='ocrx_word' id='word_1_122' title='bbox 582 1821 656 1882; x_wconf 78' lang='lat' dir='ltr'>bigot.</span> <span class='ocrx_word' id='word_1_123' title='bbox 673 1835 696 1867; x_wconf 89' lang='lat' dir='ltr'>et</span> <span class='ocrx_word' id='word_1_124' title='bbox 710 1821 779 1867; x_wconf 89' lang='lat' dir='ltr'>Goth.</span> <span class='ocrx_word' id='word_1_125' title='bbox 793 1834 846 1868; x_wconf 86' lang='lat' dir='ltr'>tert.</span> <span class='ocrx_word' id='word_1_126' title='bbox 859 1847 891 1857; x_wconf 90' lang='lat'>-</span> <span class='ocrx_word' id='word_1_127' title='bbox 903 1822 939 1868; x_wconf 81' lang='lat'>35.</span> <span class='ocrx_word' id='word_1_128' title='bbox 952 1821 981 1866; x_wconf 83' lang='lat' dir='ltr'>ab</span> <span class='ocrx_word' id='word_1_129' title='bbox 992 1837 1071 1867; x_wconf 83' lang='lat' dir='ltr'>aversa</span> <span class='ocrx_word' id='word_1_130' title='bbox 1089 1822 1196 1878; x_wconf 87' lang='lat' dir='ltr'>Zulicb.,</span> 
     </span>
     <span class='ocr_line' id='line_1_16' title="bbox 148 1890 1193 1952; baseline -0.001 -12"><span class='ocrx_word' id='word_1_131' title='bbox 148 1893 215 1940; x_wconf 85' lang='lat' dir='ltr'>male.</span> <span class='ocrx_word' id='word_1_132' title='bbox 233 1894 304 1938; x_wconf 81' lang='lat' dir='ltr'>Recte</span> <span class='ocrx_word' id='word_1_133' title='bbox 320 1893 383 1937; x_wconf 88' lang='lat' dir='ltr'>Serv.</span> <span class='ocrx_word' id='word_1_134' title='bbox 399 1890 506 1945; x_wconf 85' lang='lat' dir='ltr'>aduersa,</span> <span class='ocrx_word' id='word_1_135' title='bbox 525 1904 577 1952; x_wconf 76' lang='lat' dir='ltr'>quae</span> <span class='ocrx_word' id='word_1_136' title='bbox 593 1903 642 1936; x_wconf 86' lang='lat' dir='ltr'>erat</span> <span class='ocrx_word' id='word_1_137' title='bbox 662 1907 727 1937; x_wconf 84' lang='lat' dir='ltr'>versa</span> <span class='ocrx_word' id='word_1_138' title='bbox 747 1895 773 1938; x_wconf 89' lang='lat' dir='ltr'>in</span> <span class='ocrx_word' id='word_1_139' title='bbox 792 1891 877 1938; x_wconf 79' lang='lat' dir='ltr'>hostes.</span> <span class='ocrx_word' id='word_1_140' title='bbox 896 1908 916 1938; x_wconf 87' lang='lat' dir='ltr'>c.</span> <span class='ocrx_word' id='word_1_141' title='bbox 935 1908 987 1939; x_wconf 90' lang='lat' dir='ltr'>voce</span> <span class='ocrx_word' id='word_1_142' title='bbox 1005 1892 1030 1938; x_wconf 77' lang='lat'>0.</span> <span class='ocrx_word' id='word_1_143' title='bbox 1051 1892 1121 1938; x_wconf 84' lang='lat' dir='ltr'>Goth.</span> <span class='ocrx_word' id='word_1_144' title='bbox 1139 1905 1193 1939; x_wconf 85' lang='lat' dir='ltr'>tert.</span> 
     </span>
     <span class='ocr_line' id='line_1_17' title="bbox 148 1957 1195 2024; baseline -0.004 -14"><span class='ocrx_word' id='word_1_145' title='bbox 148 1981 201 2010; x_wconf 92' lang='lat' dir='ltr'>cum</span> <span class='ocrx_word' id='word_1_146' title='bbox 210 1980 256 2010; x_wconf 89' lang='lat' dir='ltr'>sec.</span> <span class='ocrx_word' id='word_1_147' title='bbox 268 1961 377 2007; x_wconf 84' lang='lat' dir='ltr'>Rottend.</span> <span class='ocrx_word' id='word_1_148' title='bbox 390 1962 481 2016; x_wconf 71' lang='lat' dir='ltr'>Caicus,</span> <span class='ocrx_word' id='word_1_149' title='bbox 499 1961 587 2019; x_wconf 81' lang='lat' dir='ltr'>Caycus</span> <span class='ocrx_word' id='word_1_150' title='bbox 603 1959 632 2006; x_wconf 83' lang='lat' dir='ltr'>al.</span> <span class='ocrx_word' id='word_1_151' title='bbox 649 1963 687 2006; x_wconf 84' lang='lat' dir='ltr'>Est</span> <span class='ocrx_word' id='word_1_152' title='bbox 699 1957 789 2011; x_wconf 74' lang='lat' dir='ltr'>Kaii&#39;rse.</span> <span class='ocrx_word' id='word_1_153' title='bbox 802 1988 833 1998; x_wconf 93' lang='lat'><em>-</em></span> <span class='ocrx_word' id='word_1_154' title='bbox 844 1962 881 2024; x_wconf 83' lang='lat'>37.</span> <span class='ocrx_word' id='word_1_155' title='bbox 894 1963 945 2007; x_wconf 83' lang='lat' dir='ltr'>date</span> <span class='ocrx_word' id='word_1_156' title='bbox 958 1961 1013 2017; x_wconf 84' lang='lat' dir='ltr'>tela,</span> <span class='ocrx_word' id='word_1_157' title='bbox 1031 1962 1131 2007; x_wconf 81' lang='lat' dir='ltr'>scandite</span> <span class='ocrx_word' id='word_1_158' title='bbox 1144 1978 1195 2006; x_wconf 87' lang='lat' dir='ltr'>mu-</span> 
     </span>
     <span class='ocr_line' id='line_1_18' title="bbox 148 2032 1198 2096; baseline -0.004 -14"><span class='ocrx_word' id='word_1_159' title='bbox 148 2052 197 2092; x_wconf 86' lang='lat' dir='ltr'>ros,·</span> <span class='ocrx_word' id='word_1_160' title='bbox 214 2037 264 2081; x_wconf 82' lang='lat' dir='ltr'>eine</span> <span class='ocrx_word' id='word_1_161' title='bbox 278 2034 375 2096; x_wconf 84' lang='lat' dir='ltr'>copula,</span> <span class='ocrx_word' id='word_1_162' title='bbox 391 2045 447 2080; x_wconf 85' lang='lat' dir='ltr'>vett.</span> <span class='ocrx_word' id='word_1_163' title='bbox 462 2033 516 2079; x_wconf 87' lang='lat' dir='ltr'>edd.</span> <span class='ocrx_word' id='word_1_164' title='bbox 532 2044 555 2078; x_wconf 90' lang='lat' dir='ltr'>ct</span> <span class='ocrx_word' id='word_1_165' title='bbox 569 2032 675 2079; x_wconf 89' lang='lat' dir='ltr'>codicum</span> <span class='ocrx_word' id='word_1_166' title='bbox 690 2048 755 2096; x_wconf 82' lang='lat' dir='ltr'>pers,</span> <span class='ocrx_word' id='word_1_167' title='bbox 772 2034 836 2096; x_wconf 87' lang='lat' dir='ltr'>quod</span> <span class='ocrx_word' id='word_1_168' title='bbox 851 2034 972 2080; x_wconf 78' lang='lat' dir='ltr'>defensum</span> <span class='ocrx_word' id='word_1_169' title='bbox 987 2051 999 2080; x_wconf 89' lang='lat' dir='ltr'>a</span> <span class='ocrx_word' id='word_1_170' title='bbox 1013 2036 1091 2081; x_wconf 87' lang='lat' dir='ltr'>Pierio</span> <span class='ocrx_word' id='word_1_171' title='bbox 1105 2046 1129 2080; x_wconf 85' lang='lat' dir='ltr'>et</span> <span class='ocrx_word' id='word_1_172' title='bbox 1143 2032 1198 2078; x_wconf 82' lang='lat' dir='ltr'>aliis</span> 
     </span>
     <span class='ocr_line' id='line_1_19' title="bbox 147 2105 1194 2168; baseline -0.004 -13"><span class='ocrx_word' id='word_1_173' title='bbox 147 2111 203 2156; x_wconf 86' lang='lat' dir='ltr'>viris</span> <span class='ocrx_word' id='word_1_174' title='bbox 216 2109 307 2154; x_wconf 87' lang='lat' dir='ltr'>doctis:</span> <span class='ocrx_word' id='word_1_175' title='bbox 319 2106 361 2152; x_wconf 82' lang='lat' dir='ltr'>ted</span> <span class='ocrx_word' id='word_1_176' title='bbox 373 2107 518 2151; x_wconf 81' lang='lat' dir='ltr'>Burmannus</span> <span class='ocrx_word' id='word_1_177' title='bbox 526 2117 606 2166; x_wconf 79' lang='lat' dir='ltr'>urget,</span> <span class='ocrx_word' id='word_1_178' title='bbox 619 2105 698 2151; x_wconf 88' lang='lat' dir='ltr'>doceri</span> <span class='ocrx_word' id='word_1_179' title='bbox 710 2108 786 2168; x_wconf 89' lang='lat' dir='ltr'>primo</span> <span class='ocrx_word' id='word_1_180' title='bbox 798 2106 851 2152; x_wconf 87' lang='lat' dir='ltr'>loco</span> <span class='ocrx_word' id='word_1_181' title='bbox 862 2106 961 2162; x_wconf 89' lang='lat' dir='ltr'>debere,</span> <span class='ocrx_word' id='word_1_182' title='bbox 973 2106 1068 2168; x_wconf 75' lang='lat' dir='ltr'>Virgilii</span> <span class='ocrx_word' id='word_1_183' title='bbox 1078 2121 1132 2152; x_wconf 89' lang='lat' dir='ltr'>eum</span> <span class='ocrx_word' id='word_1_184' title='bbox 1143 2121 1194 2151; x_wconf 88' lang='lat' dir='ltr'>mo·</span> 
     </span>
     <span class='ocr_line' id='line_1_20' title="bbox 149 2176 1196 2241; baseline -0.003 -14"><span class='ocrx_word' id='word_1_185' title='bbox 149 2197 198 2227; x_wconf 84' lang='lat' dir='ltr'>rem</span> <span class='ocrx_word' id='word_1_186' title='bbox 216 2180 287 2224; x_wconf 84' lang='lat' dir='ltr'>fuisse</span> <span class='ocrx_word' id='word_1_187' title='bbox 305 2177 351 2223; x_wconf 90' lang='lat' dir='ltr'>boc</span> <span class='ocrx_word' id='word_1_188' title='bbox 366 2177 438 2222; x_wconf 89' lang='lat' dir='ltr'>modo</span> <span class='ocrx_word' id='word_1_189' title='bbox 450 2177 597 2239; x_wconf 88' lang='lat' dir='ltr'>producendi</span> <span class='ocrx_word' id='word_1_190' title='bbox 616 2176 727 2240; x_wconf 82' lang='lat' dir='ltr'>syllabam</span> <span class='ocrx_word' id='word_1_191' title='bbox 742 2178 850 2233; x_wconf 82' lang='lat' dir='ltr'>brevem,</span> <span class='ocrx_word' id='word_1_192' title='bbox 866 2195 936 2241; x_wconf 85' lang='lat' dir='ltr'>quem</span> <span class='ocrx_word' id='word_1_193' title='bbox 954 2181 1052 2224; x_wconf 77' lang='lat' dir='ltr'>seriores</span> <span class='ocrx_word' id='word_1_194' title='bbox 1070 2179 1196 2240; x_wconf 79' lang='lat' dir='ltr'>scriptores</span> 
     </span>
     <span class='ocr_line' id='line_1_21' title="bbox 146 2249 1195 2313; baseline -0.003 -15"><span class='ocrx_word' id='word_1_195' title='bbox 146 2253 241 2313; x_wconf 80' lang='lat' dir='ltr'>sequuti</span> <span class='ocrx_word' id='word_1_196' title='bbox 253 2262 314 2296; x_wconf 83' lang='lat' dir='ltr'>sunt.</span> <span class='ocrx_word' id='word_1_197' title='bbox 328 2249 442 2295; x_wconf 86' lang='lat' dir='ltr'>Codicum</span> <span class='ocrx_word' id='word_1_198' title='bbox 454 2250 606 2295; x_wconf 85' lang='lat' dir='ltr'>vetustiorum</span> <span class='ocrx_word' id='word_1_199' title='bbox 616 2250 677 2295; x_wconf 83' lang='lat' dir='ltr'>Pier.</span> <span class='ocrx_word' id='word_1_200' title='bbox 690 2262 713 2295; x_wconf 92' lang='lat' dir='ltr'>et</span> <span class='ocrx_word' id='word_1_201' title='bbox 723 2251 802 2296; x_wconf 84' lang='lat' dir='ltr'>Heius.</span> <span class='ocrx_word' id='word_1_202' title='bbox 819 2250 894 2308; x_wconf 90' lang='lat' dir='ltr'>(adde</span> <span class='ocrx_word' id='word_1_203' title='bbox 903 2251 985 2312; x_wconf 86' lang='lat' dir='ltr'>fragm.</span> <span class='ocrx_word' id='word_1_204' title='bbox 996 2251 1086 2313; x_wconf 74' lang='lat' dir='ltr'>Vatia.)</span> <span class='ocrx_word' id='word_1_205' title='bbox 1104 2262 1127 2295; x_wconf 87' lang='lat' dir='ltr'>et</span> <span class='ocrx_word' id='word_1_206' title='bbox 1142 2251 1195 2295; x_wconf 88' lang='lat' dir='ltr'>Ma-</span> 
     </span>
     <span class='ocr_line' id='line_1_22' title="bbox 147 2318 1195 2381; baseline -0.002 -14"><span class='ocrx_word' id='word_1_207' title='bbox 147 2320 221 2367; x_wconf 89' lang='lat' dir='ltr'>crobii</span> <span class='ocrx_word' id='word_1_208' title='bbox 233 2321 357 2366; x_wconf 84' lang='lat' dir='ltr'>auctoritas</span> <span class='ocrx_word' id='word_1_209' title='bbox 371 2331 450 2365; x_wconf 88' lang='lat' dir='ltr'>tuetur</span> <span class='ocrx_word' id='word_1_210' title='bbox 466 2327 489 2364; x_wconf 87' lang='lat' dir='ltr'>et</span> <span class='ocrx_word' id='word_1_211' title='bbox 503 2318 614 2375; x_wconf 82' lang='lat' dir='ltr'>scandite,</span> <span class='ocrx_word' id='word_1_212' title='bbox 631 2319 696 2381; x_wconf 90' lang='lat' dir='ltr'>qnod</span> <span class='ocrx_word' id='word_1_213' title='bbox 712 2319 844 2366; x_wconf 81' lang='lat' dir='ltr'>defendunt</span> <span class='ocrx_word' id='word_1_214' title='bbox 859 2322 985 2365; x_wconf 84' lang='lat' dir='ltr'>Burmann.</span> <span class='ocrx_word' id='word_1_215' title='bbox 1002 2331 1116 2381; x_wconf 80' lang='lat' dir='ltr'>uterque,</span> <span class='ocrx_word' id='word_1_216' title='bbox 1135 2318 1195 2365; x_wconf 88' lang='lat' dir='ltr'>alter</span> 
     </span>
     <span class='ocr_line' id='line_1_23' title="bbox 148 2382 1195 2454; baseline -0.001 -17"><span class='ocrx_word' id='word_1_217' title='bbox 148 2382 178 2437; x_wconf 82' lang='lat' dir='ltr'>ad</span> <span class='ocrx_word' id='word_1_218' title='bbox 194 2390 318 2453; x_wconf 78' lang='lat' dir='ltr'>Antholog.</span> <span class='ocrx_word' id='word_1_219' title='bbox 340 2408 364 2453; x_wconf 74' lang='lat' dir='ltr'>p·</span> <span class='ocrx_word' id='word_1_220' title='bbox 386 2390 435 2436; x_wconf 86' lang='lat'>135.</span> <span class='ocrx_word' id='word_1_221' title='bbox 448 2393 541 2453; x_wconf 81' lang='lat' dir='ltr'>Frigere</span> <span class='ocrx_word' id='word_1_222' title='bbox 558 2403 636 2436; x_wconf 87' lang='lat' dir='ltr'>tamen</span> <span class='ocrx_word' id='word_1_223' title='bbox 646 2390 767 2452; x_wconf 86' lang='lat' dir='ltr'>copulam,</span> <span class='ocrx_word' id='word_1_224' title='bbox 783 2394 862 2454; x_wconf 90' lang='lat' dir='ltr'>negari</span> <span class='ocrx_word' id='word_1_225' title='bbox 872 2394 971 2454; x_wconf 87' lang='lat' dir='ltr'>nequit:</span> <span class='ocrx_word' id='word_1_226' title='bbox 984 2403 1007 2437; x_wconf 87' lang='lat' dir='ltr'>et</span> <span class='ocrx_word' id='word_1_227' title='bbox 1016 2403 1093 2453; x_wconf 88' lang='lat' dir='ltr'>potest</span> <span class='ocrx_word' id='word_1_228' title='bbox 1104 2389 1145 2441; x_wconf 88' lang='lat' dir='ltr'>illa</span> <span class='ocrx_word' id='word_1_229' title='bbox 1157 2394 1195 2436; x_wconf 92' lang='lat' dir='ltr'>in-</span> 
     </span>
     <span class='ocr_line' id='line_1_24' title="bbox 147 2460 1193 2525; baseline 0 -18"><span class='ocrx_word' id='word_1_230' title='bbox 147 2475 208 2508; x_wconf 86' lang='lat' dir='ltr'>serta</span> <span class='ocrx_word' id='word_1_231' title='bbox 220 2461 307 2519; x_wconf 88' lang='lat' dir='ltr'>videri,</span> <span class='ocrx_word' id='word_1_232' title='bbox 322 2462 389 2508; x_wconf 87' lang='lat' dir='ltr'>abiis</span> <span class='ocrx_word' id='word_1_233' title='bbox 401 2463 442 2524; x_wconf 91' lang='lat' dir='ltr'>qni</span> <span class='ocrx_word' id='word_1_234' title='bbox 454 2473 528 2506; x_wconf 88' lang='lat' dir='ltr'>metro</span> <span class='ocrx_word' id='word_1_235' title='bbox 540 2477 662 2523; x_wconf 86' lang='lat' dir='ltr'>perperam</span> <span class='ocrx_word' id='word_1_236' title='bbox 674 2460 817 2507; x_wconf 84' lang='lat' dir='ltr'>metuebant.</span> <span class='ocrx_word' id='word_1_237' title='bbox 830 2461 887 2517; x_wconf 79' lang='lat' dir='ltr'>Alii,</span> <span class='ocrx_word' id='word_1_238' title='bbox 900 2464 934 2506; x_wconf 93' lang='lat' dir='ltr'>uti</span> <span class='ocrx_word' id='word_1_239' title='bbox 943 2461 1029 2506; x_wconf 90' lang='lat' dir='ltr'>Medic.</span> <span class='ocrx_word' id='word_1_240' title='bbox 1042 2463 1135 2525; x_wconf 90' lang='lat' dir='ltr'>(inquo</span> <span class='ocrx_word' id='word_1_241' title='bbox 1147 2462 1193 2507; x_wconf 84' lang='lat' dir='ltr'>div.</span> 
     </span>
     <span class='ocr_line' id='line_1_25' title="bbox 147 2532 1196 2596; baseline 0.002 -18"><span class='ocrx_word' id='word_1_242' title='bbox 147 2533 273 2580; x_wconf 87' lang='lat' dir='ltr'>lectionem</span> <span class='ocrx_word' id='word_1_243' title='bbox 284 2535 419 2596; x_wconf 88' lang='lat' dir='ltr'>aFogginio</span> <span class='ocrx_word' id='word_1_244' title='bbox 431 2545 532 2578; x_wconf 87' lang='lat' dir='ltr'>notatam</span> <span class='ocrx_word' id='word_1_245' title='bbox 542 2549 590 2578; x_wconf 91' lang='lat' dir='ltr'>non</span> <span class='ocrx_word' id='word_1_246' title='bbox 603 2533 683 2588; x_wconf 81' lang='lat' dir='ltr'>video,</span> <span class='ocrx_word' id='word_1_247' title='bbox 703 2550 772 2596; x_wconf 91' lang='lat' dir='ltr'>quam</span> <span class='ocrx_word' id='word_1_248' title='bbox 785 2535 864 2580; x_wconf 89' lang='lat' dir='ltr'>Heius.</span> <span class='ocrx_word' id='word_1_249' title='bbox 882 2536 1019 2591; x_wconf 88' lang='lat' dir='ltr'>memorat),</span> <span class='ocrx_word' id='word_1_250' title='bbox 1039 2532 1143 2579; x_wconf 88' lang='lat' dir='ltr'>hahent:</span> <span class='ocrx_word' id='word_1_251' title='bbox 1156 2550 1196 2580; x_wconf 84' lang='lat' dir='ltr'>us·</span> 
     </span>
     <span class='ocr_line' id='line_1_26' title="bbox 147 2601 1199 2666; baseline -0.001 -19"><span class='ocrx_word' id='word_1_252' title='bbox 147 2603 233 2648; x_wconf 81' lang='lat' dir='ltr'>cendite</span> <span class='ocrx_word' id='word_1_253' title='bbox 241 2619 249 2648; x_wconf 89' lang='lat'>.·</span> <span class='ocrx_word' id='word_1_254' title='bbox 257 2603 321 2666; x_wconf 90' lang='lat' dir='ltr'>quod</span> <span class='ocrx_word' id='word_1_255' title='bbox 330 2618 385 2648; x_wconf 88' lang='lat' dir='ltr'>sane</span> <span class='ocrx_word' id='word_1_256' title='bbox 394 2603 495 2647; x_wconf 83' lang='lat' dir='ltr'>orationi</span> <span class='ocrx_word' id='word_1_257' title='bbox 504 2602 607 2664; x_wconf 86' lang='lat' dir='ltr'>pedestri</span> <span class='ocrx_word' id='word_1_258' title='bbox 617 2605 713 2664; x_wconf 86' lang='lat' dir='ltr'>propius</span> <span class='ocrx_word' id='word_1_259' title='bbox 723 2615 789 2648; x_wconf 81' lang='lat' dir='ltr'>esset.</span> <span class='ocrx_word' id='word_1_260' title='bbox 798 2605 825 2647; x_wconf 90' lang='lat' dir='ltr'>ln</span> <span class='ocrx_word' id='word_1_261' title='bbox 833 2603 894 2648; x_wconf 87' lang='lat' dir='ltr'>Gud.</span> <span class='ocrx_word' id='word_1_262' title='bbox 904 2603 1028 2657; x_wconf 83' lang='lat' dir='ltr'>ascendite,</span> <span class='ocrx_word' id='word_1_263' title='bbox 1037 2601 1075 2648; x_wconf 85' lang='lat' dir='ltr'>vel</span> <span class='ocrx_word' id='word_1_264' title='bbox 1084 2611 1199 2648; x_wconf 75' lang='lat' dir='ltr'>etuscun·</span> 
     </span>
     <span class='ocr_line' id='line_1_27' title="bbox 147 2671 1195 2735; baseline 0.001 -18"><span class='ocrx_word' id='word_1_265' title='bbox 147 2674 205 2727; x_wconf 86' lang='lat' dir='ltr'>dite,·</span> <span class='ocrx_word' id='word_1_266' title='bbox 222 2673 285 2718; x_wconf 84' lang='lat' dir='ltr'>unde</span> <span class='ocrx_word' id='word_1_267' title='bbox 295 2674 375 2718; x_wconf 84' lang='lat' dir='ltr'>lleins.</span> <span class='ocrx_word' id='word_1_268' title='bbox 386 2671 501 2734; x_wconf 83' lang='lat' dir='ltr'>refingere</span> <span class='ocrx_word' id='word_1_269' title='bbox 513 2671 625 2727; x_wconf 83' lang='lat' dir='ltr'>malebat,</span> <span class='ocrx_word' id='word_1_270' title='bbox 635 2672 757 2727; x_wconf 71' lang='lat' dir='ltr'>ascendite,</span> <span class='ocrx_word' id='word_1_271' title='bbox 772 2673 837 2735; x_wconf 89' lang='lat' dir='ltr'>quod</span> <span class='ocrx_word' id='word_1_272' title='bbox 846 2672 952 2718; x_wconf 83' lang='lat' dir='ltr'>sollenne</span> <span class='ocrx_word' id='word_1_273' title='bbox 964 2684 998 2717; x_wconf 85' lang='lat' dir='ltr'>est</span> <span class='ocrx_word' id='word_1_274' title='bbox 1007 2673 1073 2718; x_wconf 84' lang='lat' dir='ltr'>Livio</span> <span class='ocrx_word' id='word_1_275' title='bbox 1083 2671 1195 2735; x_wconf 79' lang='lat' dir='ltr'>aliisque3</span> 
     </span>
     <span class='ocr_line' id='line_1_28' title="bbox 147 2733 1196 2804; baseline -0.003 -15"><span class='ocrx_word' id='word_1_276' title='bbox 147 2743 189 2789; x_wconf 86' lang='lat' dir='ltr'>sed</span> <span class='ocrx_word' id='word_1_277' title='bbox 198 2745 223 2788; x_wconf 89' lang='lat' dir='ltr'>in</span> <span class='ocrx_word' id='word_1_278' title='bbox 233 2744 329 2788; x_wconf 88' lang='lat' dir='ltr'>Marone</span> <span class='ocrx_word' id='word_1_279' title='bbox 340 2741 445 2804; x_wconf 85' lang='lat' dir='ltr'>exempla</span> <span class='ocrx_word' id='word_1_280' title='bbox 455 2757 510 2788; x_wconf 82' lang='lat' dir='ltr'>usus</span> <span class='ocrx_word' id='word_1_281' title='bbox 522 2741 691 2788; x_wconf 82' lang='lat' dir='ltr'>desiderantur.</span> <span class='ocrx_word' id='word_1_282' title='bbox 704 2744 767 2789; x_wconf 86' lang='lat' dir='ltr'>Inter</span> <span class='ocrx_word' id='word_1_283' title='bbox 782 2743 831 2788; x_wconf 89' lang='lat' dir='ltr'>baec</span> <span class='ocrx_word' id='word_1_284' title='bbox 847 2742 917 2788; x_wconf 80' lang='lat' dir='ltr'>video</span> <span class='ocrx_word' id='word_1_285' title='bbox 931 2741 1027 2804; x_wconf 88' lang='lat' dir='ltr'>quidem</span> <span class='ocrx_word' id='word_1_286' title='bbox 1037 2741 1126 2804; x_wconf 86' lang='lat' dir='ltr'>ubique</span> <span class='ocrx_word' id='word_1_287' title='bbox 1136 2733 1196 2786; x_wconf 41' lang='lat' dir='ltr'>sub*-</span> 
     </span>
     <span class='ocr_line' id='line_1_29' title="bbox 146 2812 1194 2876; baseline -0.003 -15"><span class='ocrx_word' id='word_1_288' title='bbox 146 2830 196 2863; x_wconf 81' lang='lat' dir='ltr'>esse</span> <span class='ocrx_word' id='word_1_289' title='bbox 213 2813 296 2859; x_wconf 84' lang='lat' dir='ltr'>ulcus:</span> <span class='ocrx_word' id='word_1_290' title='bbox 312 2813 372 2859; x_wconf 88' lang='lat' dir='ltr'>nihil</span> <span class='ocrx_word' id='word_1_291' title='bbox 387 2826 465 2859; x_wconf 85' lang='lat' dir='ltr'>tamen</span> <span class='ocrx_word' id='word_1_292' title='bbox 474 2825 520 2858; x_wconf 90' lang='lat' dir='ltr'>tam</span> <span class='ocrx_word' id='word_1_293' title='bbox 530 2826 599 2874; x_wconf 85' lang='lat' dir='ltr'>putre</span> <span class='ocrx_word' id='word_1_294' title='bbox 615 2830 641 2858; x_wconf 86' lang='lat' dir='ltr'>ac</span> <span class='ocrx_word' id='word_1_295' title='bbox 658 2813 794 2868; x_wconf 83' lang='lat' dir='ltr'>molestum,</span> <span class='ocrx_word' id='word_1_296' title='bbox 811 2829 880 2876; x_wconf 90' lang='lat' dir='ltr'>quam</span> <span class='ocrx_word' id='word_1_297' title='bbox 896 2812 1004 2876; x_wconf 88' lang='lat' dir='ltr'>copulam</span> <span class='ocrx_word' id='word_1_298' title='bbox 1020 2829 1025 2857; x_wconf 96' lang='lat'><strong>:</strong></span> <span class='ocrx_word' id='word_1_299' title='bbox 1042 2812 1101 2857; x_wconf 83' lang='lat' dir='ltr'>banc</span> <span class='ocrx_word' id='word_1_300' title='bbox 1114 2814 1194 2874; x_wconf 88' lang='lat' dir='ltr'>itaque</span> 
     </span>
     <span class='ocr_line' id='line_1_30' title="bbox 148 2883 1199 2948; baseline -0.003 -17"><span class='ocrx_word' id='word_1_301' title='bbox 148 2887 220 2948; x_wconf 87' lang='lat' dir='ltr'>ejeci,</span> <span class='ocrx_word' id='word_1_302' title='bbox 233 2885 297 2948; x_wconf 86' lang='lat' dir='ltr'>quod</span> <span class='ocrx_word' id='word_1_303' title='bbox 308 2897 330 2931; x_wconf 92' lang='lat' dir='ltr'>et</span> <span class='ocrx_word' id='word_1_304' title='bbox 340 2885 470 2930; x_wconf 78' lang='lat' dir='ltr'>Bruncliius</span> <span class='ocrx_word' id='word_1_305' title='bbox 479 2884 542 2930; x_wconf 84' lang='lat' dir='ltr'>fecit.</span> <span class='ocrx_word' id='word_1_306' title='bbox 554 2910 586 2919; x_wconf 93' lang='lat'>—</span> <span class='ocrx_word' id='word_1_307' title='bbox 597 2885 634 2931; x_wconf 83' lang='grc'>38.</span> <span class='ocrx_word' id='word_1_308' title='bbox 646 2883 695 2929; x_wconf 73' lang='lat' dir='ltr'>teu</span> <span class='ocrx_word' id='word_1_309' title='bbox 703 2885 786 2940; x_wconf 84' lang='lat' dir='ltr'>codd,</span> <span class='ocrx_word' id='word_1_310' title='bbox 797 2897 824 2931; x_wconf 90' lang='lat' dir='ltr'>ut</span> <span class='ocrx_word' id='word_1_311' title='bbox 832 2885 896 2931; x_wconf 84' lang='lat' dir='ltr'>alibi.</span> <span class='ocrx_word' id='word_1_312' title='bbox 909 2911 940 2921; x_wconf 99' lang='lat'>-</span> <span class='ocrx_word' id='word_1_313' title='bbox 952 2885 989 2945; x_wconf 90' lang='grc'>39.</span> <span class='ocrx_word' id='word_1_314' title='bbox 998 2887 1069 2947; x_wconf 82' lang='lat' dir='ltr'>portis</span> <span class='ocrx_word' id='word_1_315' title='bbox 1079 2896 1132 2930; x_wconf 86' lang='lat' dir='ltr'>tert.</span> <span class='ocrx_word' id='word_1_316' title='bbox 1142 2885 1199 2930; x_wconf 80' lang='lat' dir='ltr'>Rot-</span> 
     </span>
    </p>
   </div>
   <div class='ocr_carea' id='block_1_4' title="bbox 53 2954 469 3018">
    <p class='ocr_par' dir='ltr' id='par_1_12' title="bbox 53 2954 469 3018">
     <span class='ocr_line' id='line_1_31' title="bbox 53 2954 469 3018; baseline -0.007 -17"><span class='ocrx_word' id='word_1_317' title='bbox 53 3009 55 3011; x_wconf 77' lang='lat'>.</span> <span class='ocrx_word' id='word_1_318' title='bbox 146 2955 211 3001; x_wconf 87' lang='lat' dir='ltr'>tend.</span> <span class='ocrx_word' id='word_1_319' title='bbox 223 2955 288 3018; x_wconf 87' lang='lat' dir='ltr'>quod</span> <span class='ocrx_word' id='word_1_320' title='bbox 297 2954 392 3018; x_wconf 84' lang='lat' dir='ltr'>vulgare</span> <span class='ocrx_word' id='word_1_321' title='bbox 404 2967 469 3001; x_wconf 83' lang='lat' dir='ltr'>esset.</span> 
     </span>
    </p>
   </div>
   <div class='ocr_carea' id='block_1_5' title="bbox 146 3060 1193 3136">
    <p class='ocr_par' dir='ltr' id='par_1_13' title="bbox 146 3060 1193 3136">
     <span class='ocr_line' id='line_1_32' title="bbox 146 3060 1193 3136; baseline -0.002 -24"><span class='ocrx_word' id='word_1_322' title='bbox 146 3077 232 3113; x_wconf 89' lang='lat' dir='ltr'>terum</span> <span class='ocrx_word' id='word_1_323' title='bbox 243 3061 277 3113; x_wconf 86' lang='lat' dir='ltr'>de</span> <span class='ocrx_word' id='word_1_324' title='bbox 287 3061 407 3112; x_wconf 82' lang='lat' dir='ltr'>fontibus</span> <span class='ocrx_word' id='word_1_325' title='bbox 419 3074 445 3112; x_wconf 91' lang='lat' dir='ltr'>et</span> <span class='ocrx_word' id='word_1_326' title='bbox 458 3074 515 3112; x_wconf 90' lang='lat' dir='ltr'>toto</span> <span class='ocrx_word' id='word_1_327' title='bbox 531 3063 606 3114; x_wconf 86' lang='lat' dir='ltr'>alveo</span> <span class='ocrx_word' id='word_1_328' title='bbox 620 3075 646 3114; x_wconf 88' lang='lat' dir='ltr'>et</span> <span class='ocrx_word' id='word_1_329' title='bbox 692 3081 742 3136; x_wconf 81' lang='lat' dir='ltr'>per</span> <span class='ocrx_word' id='word_1_330' title='bbox 750 3063 860 3115; x_wconf 83' lang='lat' dir='ltr'>tacitum</span> <span class='ocrx_word' id='word_1_331' title='bbox 868 3061 1009 3134; x_wconf 85' lang='lat' dir='ltr'>jungebat;</span> <span class='ocrx_word' id='word_1_332' title='bbox 1019 3063 1107 3113; x_wconf 82' lang='lat' dir='ltr'>minus</span> <span class='ocrx_word' id='word_1_333' title='bbox 1115 3060 1193 3131; x_wconf 81' lang='lat' dir='ltr'>bene.</span> 
     </span>
    </p>
   </div>
   <div class='ocr_carea' id='block_1_6' title="bbox 145 3143 647 4008">
    <p class='ocr_par' dir='ltr' id='par_1_14' title="bbox 145 3143 647 4008">
     <span class='ocr_line' id='line_1_33' title="bbox 147 3143 646 3214; baseline 0.006 -23"><span class='ocrx_word' id='word_1_334' title='bbox 147 3144 221 3193; x_wconf 88' lang='lat' dir='ltr'>ostiis</span> <span class='ocrx_word' id='word_1_335' title='bbox 229 3144 329 3214; x_wconf 78' lang='lat' dir='ltr'>Gangis</span> <span class='ocrx_word' id='word_1_336' title='bbox 339 3143 442 3192; x_wconf 83' lang='lat' dir='ltr'>incerta</span> <span class='ocrx_word' id='word_1_337' title='bbox 449 3156 505 3193; x_wconf 88' lang='lat' dir='ltr'>erat</span> <span class='ocrx_word' id='word_1_338' title='bbox 513 3145 646 3194; x_wconf 67' lang='lat' dir='ltr'>nar-ratior</span> 
     </span>
     <span class='ocr_line' id='line_1_34' title="bbox 145 3221 647 3291; baseline 0.004 -20"><span class='ocrx_word' id='word_1_339' title='bbox 145 3239 171 3271; x_wconf 86' lang='lat' dir='ltr'>v.</span> <span class='ocrx_word' id='word_1_340' title='bbox 184 3221 251 3272; x_wconf 85' lang='lat' dir='ltr'>Plin.</span> <span class='ocrx_word' id='word_1_341' title='bbox 261 3222 310 3284; x_wconf 89' lang='lat' dir='ltr'>VI,</span> <span class='ocrx_word' id='word_1_342' title='bbox 324 3238 344 3270; x_wconf 88' lang='lat' dir='ltr'>s.</span> <span class='ocrx_word' id='word_1_343' title='bbox 357 3237 403 3280; x_wconf 80' lang='lat'>223</span> <span class='ocrx_word' id='word_1_344' title='bbox 417 3232 443 3270; x_wconf 90' lang='lat' dir='ltr'>et</span> <span class='ocrx_word' id='word_1_345' title='bbox 461 3233 584 3291; x_wconf 88' lang='lat' dir='ltr'>prostant</span> <span class='ocrx_word' id='word_1_346' title='bbox 596 3221 647 3273; x_wconf 91' lang='lat' dir='ltr'>dis·</span> 
     </span>
     <span class='ocr_line' id='line_1_35' title="bbox 145 3298 645 3371; baseline 0.002 -21"><span class='ocrx_word' id='word_1_347' title='bbox 145 3312 239 3371; x_wconf 87' lang='lat' dir='ltr'>putata</span> <span class='ocrx_word' id='word_1_348' title='bbox 264 3318 278 3349; x_wconf 88' lang='lat' dir='ltr'>a</span> <span class='ocrx_word' id='word_1_349' title='bbox 299 3300 364 3349; x_wconf 81' lang='lat' dir='ltr'>viris</span> <span class='ocrx_word' id='word_1_350' title='bbox 388 3299 475 3350; x_wconf 84' lang='lat' dir='ltr'>doctis</span> <span class='ocrx_word' id='word_1_351' title='bbox 494 3298 645 3364; x_wconf 82' lang='lat' dir='ltr'>d&#39;Auville,</span> 
     </span>
     <span class='ocr_line' id='line_1_36' title="bbox 145 3377 644 3444; baseline 0 -13"><span class='ocrx_word' id='word_1_352' title='bbox 145 3377 368 3443; x_wconf 80' lang='lat' dir='ltr'>Bennel,Heereu</span> <span class='ocrx_word' id='word_1_353' title='bbox 375 3417 383 3443; x_wconf 93' lang='lat'>,</span> <span class='ocrx_word' id='word_1_354' title='bbox 395 3392 421 3430; x_wconf 87' lang='lat' dir='ltr'>et</span> <span class='ocrx_word' id='word_1_355' title='bbox 429 3380 644 3444; x_wconf 82' lang='lat' dir='ltr'>nuncManuert,</span> 
     </span>
     <span class='ocr_line' id='line_1_37' title="bbox 147 3459 647 3531; baseline 0 -20"><span class='ocrx_word' id='word_1_356' title='bbox 147 3460 180 3512; x_wconf 89' lang='lat' dir='ltr'>de</span> <span class='ocrx_word' id='word_1_357' title='bbox 199 3459 275 3511; x_wconf 89' lang='lat' dir='ltr'>India</span> <span class='ocrx_word' id='word_1_358' title='bbox 291 3472 347 3510; x_wconf 88' lang='lat' dir='ltr'>tum</span> <span class='ocrx_word' id='word_1_359' title='bbox 360 3461 529 3530; x_wconf 86' lang='lat' dir='ltr'>antiquorum</span> <span class='ocrx_word' id='word_1_360' title='bbox 543 3473 647 3531; x_wconf 89' lang='lat' dir='ltr'>tempo-</span> 
     </span>
     <span class='ocr_line' id='line_1_38' title="bbox 146 3539 646 3610; baseline 0 -20"><span class='ocrx_word' id='word_1_361' title='bbox 146 3559 220 3606; x_wconf 83' lang='lat' dir='ltr'>rum,</span> <span class='ocrx_word' id='word_1_362' title='bbox 239 3553 294 3590; x_wconf 90' lang='lat' dir='ltr'>tum</span> <span class='ocrx_word' id='word_1_363' title='bbox 307 3541 391 3591; x_wconf 75' lang='lat' dir='ltr'>utatis</span> <span class='ocrx_word' id='word_1_364' title='bbox 401 3553 505 3592; x_wconf 72' lang='lat' dir='ltr'>nostrie.</span> <span class='ocrx_word' id='word_1_365' title='bbox 522 3557 571 3610; x_wconf 85' lang='lat' dir='ltr'>per</span> <span class='ocrx_word' id='word_1_366' title='bbox 582 3539 646 3590; x_wconf 85' lang='lat' dir='ltr'>taci-</span> 
     </span>
     <span class='ocr_line' id='line_1_39' title="bbox 147 3619 644 3690; baseline -0.002 -21"><span class='ocrx_word' id='word_1_367' title='bbox 147 3630 215 3684; x_wconf 89' lang='lat' dir='ltr'>tum,</span> <span class='ocrx_word' id='word_1_368' title='bbox 228 3638 258 3670; x_wconf 82' lang='lat' dir='ltr'>ex</span> <span class='ocrx_word' id='word_1_369' title='bbox 268 3638 327 3690; x_wconf 85' lang='lat' dir='ltr'>sup.</span> <span class='ocrx_word' id='word_1_370' title='bbox 342 3619 373 3684; x_wconf 83' lang='lat' dir='ltr'>it,</span> <span class='ocrx_word' id='word_1_371' title='bbox 383 3619 483 3672; x_wconf 88' lang='lat' dir='ltr'>incedit</span> <span class='ocrx_word' id='word_1_372' title='bbox 495 3622 575 3672; x_wconf 85' lang='lat' dir='ltr'>tacite</span> <span class='ocrx_word' id='word_1_373' title='bbox 585 3641 592 3669; x_wconf 77' lang='grc' dir='ltr'>ι</span> <span class='ocrx_word' id='word_1_374' title='bbox 602 3631 644 3684; x_wconf 88' lang='lat' dir='ltr'>ut,</span> 
     </span>
     <span class='ocr_line' id='line_1_40' title="bbox 146 3697 646 3770; baseline 0.002 -21"><span class='ocrx_word' id='word_1_375' title='bbox 146 3717 195 3768; x_wconf 89' lang='lat' dir='ltr'>per</span> <span class='ocrx_word' id='word_1_376' title='bbox 207 3697 350 3763; x_wconf 87' lang='lat' dir='ltr'>silentium,</span> <span class='ocrx_word' id='word_1_377' title='bbox 360 3719 409 3768; x_wconf 86' lang='lat' dir='ltr'>per</span> <span class='ocrx_word' id='word_1_378' title='bbox 420 3713 534 3768; x_wconf 80' lang='lat' dir='ltr'>noctem,</span> <span class='ocrx_word' id='word_1_379' title='bbox 548 3714 574 3752; x_wconf 90' lang='lat' dir='ltr'>et</span> <span class='ocrx_word' id='word_1_380' title='bbox 587 3717 646 3770; x_wconf 74' lang='lat' dir='ltr'>quae</span> 
     </span>
     <span class='ocr_line' id='line_1_41' title="bbox 146 3775 645 3848; baseline 0.002 -20"><span class='ocrx_word' id='word_1_381' title='bbox 146 3775 280 3828; x_wconf 84' lang='lat' dir='ltr'>Drakenb.</span> <span class='ocrx_word' id='word_1_382' title='bbox 293 3776 327 3827; x_wconf 90' lang='lat' dir='ltr'>ad</span> <span class='ocrx_word' id='word_1_383' title='bbox 337 3777 429 3829; x_wconf 87' lang='lat' dir='ltr'>Silium</span> <span class='ocrx_word' id='word_1_384' title='bbox 440 3779 502 3843; x_wconf 85' lang='lat' dir='ltr'>XV,</span> <span class='ocrx_word' id='word_1_385' title='bbox 525 3778 572 3845; x_wconf 79' lang='lat' dir='ltr'>¹¹l5</span> <span class='ocrx_word' id='word_1_386' title='bbox 584 3791 645 3848; x_wconf 86' lang='lat' dir='ltr'>pust</span> 
     </span>
     <span class='ocr_line' id='line_1_42' title="bbox 145 3856 645 3928; baseline 0.004 -22"><span class='ocrx_word' id='word_1_387' title='bbox 145 3857 284 3907; x_wconf 89' lang='lat' dir='ltr'>Heinsium</span> <span class='ocrx_word' id='word_1_388' title='bbox 297 3856 417 3928; x_wconf 89' lang='lat' dir='ltr'>collegit,</span> <span class='ocrx_word' id='word_1_389' title='bbox 430 3877 478 3928; x_wconf 90' lang='lat' dir='ltr'>per</span> <span class='ocrx_word' id='word_1_390' title='bbox 494 3856 645 3922; x_wconf 85' lang='lat' dir='ltr'>occultum,</span> 
     </span>
     <span class='ocr_line' id='line_1_43' title="bbox 147 3934 643 4008; baseline 0 -20"><span class='ocrx_word' id='word_1_391' title='bbox 147 3934 643 4008; x_wconf 73' lang='lat' dir='ltr'>persubitum,pcrlongum,utGrmc.</span> 
     </span>
    </p>
   </div>
   <div class='ocr_carea' id='block_1_7' title="bbox 694 3142 1198 4007">
    <p class='ocr_par' dir='ltr' id='par_1_15' title="bbox 694 3142 1198 3513">
     <span class='ocr_line' id='line_1_44' title="bbox 694 3142 1198 3195; baseline 0 -4"><span class='ocrx_word' id='word_1_392' title='bbox 694 3144 784 3195; x_wconf 87' lang='lat' dir='ltr'>Verbo</span> <span class='ocrx_word' id='word_1_393' title='bbox 812 3145 889 3195; x_wconf 83' lang='lat' dir='ltr'>Maro</span> <span class='ocrx_word' id='word_1_394' title='bbox 914 3142 1027 3195; x_wconf 86' lang='lat' dir='ltr'>credidit</span> <span class='ocrx_word' id='word_1_395' title='bbox 1054 3155 1080 3192; x_wconf 90' lang='lat' dir='ltr'>et</span> <span class='ocrx_word' id='word_1_396' title='bbox 1103 3152 1198 3193; x_wconf 85' lang='lat' dir='ltr'>narrat·</span> 
     </span>
     <span class='ocr_line' id='line_1_45' title="bbox 694 3221 1196 3294; baseline -0.006 -20"><span class='ocrx_word' id='word_1_397' title='bbox 694 3223 813 3294; x_wconf 80' lang='lat' dir='ltr'>Gangem</span> <span class='ocrx_word' id='word_1_398' title='bbox 823 3223 949 3276; x_wconf 87' lang='lat' dir='ltr'>incedere</span> <span class='ocrx_word' id='word_1_399' title='bbox 966 3223 1046 3274; x_wconf 87' lang='lat' dir='ltr'>alveis</span> <span class='ocrx_word' id='word_1_400' title='bbox 1059 3221 1152 3273; x_wconf 88' lang='lat' dir='ltr'>sedato</span> <span class='ocrx_word' id='word_1_401' title='bbox 1169 3233 1196 3273; x_wconf 91' lang='lat' dir='ltr'>et</span> 
     </span>
     <span class='ocr_line' id='line_1_46' title="bbox 694 3300 1196 3374; baseline -0.004 -21"><span class='ocrx_word' id='word_1_402' title='bbox 694 3302 803 3374; x_wconf 85' lang='lat' dir='ltr'>placido</span> <span class='ocrx_word' id='word_1_403' title='bbox 817 3320 911 3364; x_wconf 78' lang='lat' dir='ltr'>cursu3</span> <span class='ocrx_word' id='word_1_404' title='bbox 931 3300 1085 3372; x_wconf 88' lang='lat' dir='ltr'>parimodo</span> <span class='ocrx_word' id='word_1_405' title='bbox 1103 3301 1196 3352; x_wconf 87' lang='lat' dir='ltr'>Nilum</span> 
     </span>
     <span class='ocr_line' id='line_1_47' title="bbox 694 3376 1195 3453; baseline 0 -21"><span class='ocrx_word' id='word_1_406' title='bbox 694 3384 764 3432; x_wconf 86' lang='lat' dir='ltr'>intra</span> <span class='ocrx_word' id='word_1_407' title='bbox 781 3383 885 3434; x_wconf 85' lang='lat' dir='ltr'>alveum</span> <span class='ocrx_word' id='word_1_408' title='bbox 898 3383 954 3452; x_wconf 91' lang='lat' dir='ltr'>jam</span> <span class='ocrx_word' id='word_1_409' title='bbox 973 3399 1001 3433; x_wconf 90' lang='lat' dir='ltr'>se</span> <span class='ocrx_word' id='word_1_410' title='bbox 1022 3376 1195 3453; x_wconf 87' lang='lat' dir='ltr'>recipientem</span> 
     </span>
     <span class='ocr_line' id='line_1_48' title="bbox 695 3463 979 3513; baseline 0 -1"><span class='ocrx_word' id='word_1_411' title='bbox 695 3479 726 3512; x_wconf 83' lang='lat' dir='ltr'>ex</span> <span class='ocrx_word' id='word_1_412' title='bbox 735 3463 904 3513; x_wconf 86' lang='lat' dir='ltr'>incrementis</span> <span class='ocrx_word' id='word_1_413' title='bbox 915 3463 979 3512; x_wconf 83' lang='lat' dir='ltr'>suis.</span> 
     </span>
    </p>

    <p class='ocr_par' dir='ltr' id='par_1_16' title="bbox 694 3538 1197 4007">
     <span class='ocr_line' id='line_1_49' title="bbox 730 3538 1195 3606; baseline -0.009 -13"><span class='ocrx_word' id='word_1_414' title='bbox 730 3540 772 3593; x_wconf 85' lang='lat'>33.</span> <span class='ocrx_word' id='word_1_415' title='bbox 786 3539 851 3606; x_wconf 69' lang='lat' dir='ltr'>rioci</span> <span class='ocrx_word' id='word_1_416' title='bbox 860 3542 930 3596; x_wconf 72' lang='lat' dir='ltr'>notite</span> <span class='ocrx_word' id='word_1_417' title='bbox 942 3553 968 3592; x_wconf 88' lang='lat' dir='ltr'>et</span> <span class='ocrx_word' id='word_1_418' title='bbox 981 3538 1064 3604; x_wconf 68' lang='grc' dir='ltr'>ὁμίχλη</span> <span class='ocrx_word' id='word_1_419' title='bbox 1077 3539 1195 3591; x_wconf 85' lang='lat' dir='ltr'>Homero</span> 
     </span>
     <span class='ocr_line' id='line_1_50' title="bbox 694 3615 1193 3691; baseline -0.008 -20"><span class='ocrx_word' id='word_1_420' title='bbox 694 3621 828 3691; x_wconf 83' lang='lat' dir='ltr'>frequens.</span> <span class='ocrx_word' id='word_1_421' title='bbox 842 3651 876 3660; x_wconf 93' lang='lat'>-</span> <span class='ocrx_word' id='word_1_422' title='bbox 886 3619 929 3671; x_wconf 82' lang='grc'>35.</span> <span class='ocrx_word' id='word_1_423' title='bbox 942 3620 975 3668; x_wconf 83' lang='lat' dir='ltr'>ab</span> <span class='ocrx_word' id='word_1_424' title='bbox 987 3618 1092 3668; x_wconf 81' lang='lat' dir='ltr'>aduersa</span> <span class='ocrx_word' id='word_1_425' title='bbox 1105 3615 1193 3681; x_wconf 83' lang='lat' dir='ltr'>mole,</span> 
     </span>
     <span class='ocr_line' id='line_1_51' title="bbox 695 3698 1194 3768; baseline -0.01 -16"><span class='ocrx_word' id='word_1_426' title='bbox 695 3704 760 3754; x_wconf 85' lang='lat' dir='ltr'>turri</span> <span class='ocrx_word' id='word_1_427' title='bbox 784 3704 812 3753; x_wconf 94' lang='lat' dir='ltr'>in</span> <span class='ocrx_word' id='word_1_428' title='bbox 844 3701 992 3752; x_wconf 87' lang='lat' dir='ltr'>munitione</span> <span class='ocrx_word' id='word_1_429' title='bbox 1015 3698 1194 3768; x_wconf 86' lang='lat' dir='ltr'>Trojanorum</span> 
     </span>
     <span class='ocr_line' id='line_1_52' title="bbox 694 3779 1195 3850; baseline -0.006 -18"><span class='ocrx_word' id='word_1_430' title='bbox 694 3779 745 3850; x_wconf 84' lang='lat' dir='ltr'>(cf.</span> <span class='ocrx_word' id='word_1_431' title='bbox 762 3780 836 3832; x_wconf 83' lang='lat' dir='ltr'>adv.</span> <span class='ocrx_word' id='word_1_432' title='bbox 857 3779 904 3850; x_wconf 85' lang='grc'>13)</span> <span class='ocrx_word' id='word_1_433' title='bbox 926 3779 959 3830; x_wconf 87' lang='lat' dir='ltr'>ab</span> <span class='ocrx_word' id='word_1_434' title='bbox 979 3798 1011 3830; x_wconf 89' lang='lat' dir='ltr'>ea</span> <span class='ocrx_word' id='word_1_435' title='bbox 1028 3791 1119 3848; x_wconf 89' lang='lat' dir='ltr'>parte,</span> <span class='ocrx_word' id='word_1_436' title='bbox 1141 3796 1195 3848; x_wconf 82' lang='lat' dir='ltr'>qua</span> 
     </span>
     <span class='ocr_line' id='line_1_53' title="bbox 694 3858 1197 3926; baseline -0.004 -16"><span class='ocrx_word' id='word_1_437' title='bbox 694 3861 781 3911; x_wconf 85' lang='lat' dir='ltr'>Latini</span> <span class='ocrx_word' id='word_1_438' title='bbox 792 3858 1053 3926; x_wconf 79' lang='lat' dir='ltr'>accedebant—37.</span> <span class='ocrx_word' id='word_1_439' title='bbox 1066 3858 1140 3908; x_wconf 89' lang='lat' dir='ltr'>Idem</span> <span class='ocrx_word' id='word_1_440' title='bbox 1152 3875 1197 3909; x_wconf 91' lang='lat' dir='ltr'>co·</span> 
     </span>
     <span class='ocr_line' id='line_1_54' title="bbox 694 3937 1196 4007; baseline -0.006 -16"><span class='ocrx_word' id='word_1_441' title='bbox 694 3940 884 4003; x_wconf 70' lang='lat' dir='ltr'>lor,orationis</span> <span class='ocrx_word' id='word_1_442' title='bbox 907 3940 956 4004; x_wconf 85' lang='lat' dir='ltr'>IV,</span> <span class='ocrx_word' id='word_1_443' title='bbox 982 3938 1033 4007; x_wconf 68' lang='grc'>594</span> <span class='ocrx_word' id='word_1_444' title='bbox 1053 3939 1127 3989; x_wconf 86' lang='lat' dir='ltr'>Ferte</span> <span class='ocrx_word' id='word_1_445' title='bbox 1147 3937 1196 3989; x_wconf 79' lang='lat' dir='ltr'>citi</span> 
     </span>
    </p>
   </div>
   <div class='ocr_carea' id='block_1_8' title="bbox 146 4014 1196 4176">
    <p class='ocr_par' dir='ltr' id='par_1_17' title="bbox 146 4014 1196 4176">
     <span class='ocr_line' id='line_1_55' title="bbox 146 4014 1196 4098; baseline 0.003 -32"><span class='ocrx_word' id='word_1_446' title='bbox 146 4018 187 4068; x_wconf 69' lang='lat' dir='ltr'>ite</span> <span class='ocrx_word' id='word_1_447' title='bbox 198 4014 317 4081; x_wconf 64' lang='grc' dir='ltr'>βραχίων,</span> <span class='ocrx_word' id='word_1_448' title='bbox 330 4014 371 4069; x_wconf 74' lang='lat' dir='ltr'>dui</span> <span class='ocrx_word' id='word_1_449' title='bbox 381 4017 487 4083; x_wconf 64' lang='lat' dir='ltr'>regius,</span> <span class='ocrx_word' id='word_1_450' title='bbox 501 4030 526 4069; x_wconf 89' lang='lat' dir='ltr'>et</span> <span class='ocrx_word' id='word_1_451' title='bbox 540 4018 644 4071; x_wconf 87' lang='lat' dir='ltr'>similia.</span> <span class='ocrx_word' id='word_1_452' title='bbox 686 4020 829 4098; x_wconf 79' lang='lat' dir='ltr'>flammas,</span> <span class='ocrx_word' id='word_1_453' title='bbox 844 4021 903 4072; x_wconf 77' lang='lat' dir='ltr'>date</span> <span class='ocrx_word' id='word_1_454' title='bbox 920 4018 994 4084; x_wconf 85' lang='lat' dir='ltr'>uela,</span> <span class='ocrx_word' id='word_1_455' title='bbox 1010 4016 1139 4090; x_wconf 82' lang='lat' dir='ltr'>impellite</span> <span class='ocrx_word' id='word_1_456' title='bbox 1156 4037 1196 4070; x_wconf 88' lang='lat' dir='ltr'>re·</span> 
     </span>
     <span class='ocr_line' id='line_1_56' title="bbox 146 4097 1193 4176; baseline 0 -26"><span class='ocrx_word' id='word_1_457' title='bbox 146 4097 250 4159; x_wconf 77' lang='lat' dir='ltr'>Laudat</span> <span class='ocrx_word' id='word_1_458' title='bbox 261 4097 366 4153; x_wconf 87' lang='lat' dir='ltr'>Servius</span> <span class='ocrx_word' id='word_1_459' title='bbox 377 4100 506 4174; x_wconf 79' lang='lat' dir='ltr'>Asprum,</span> <span class='ocrx_word' id='word_1_460' title='bbox 520 4101 566 4173; x_wconf 49' lang='lat' dir='ltr'>qni</span> <span class='ocrx_word' id='word_1_461' title='bbox 577 4097 647 4157; x_wconf 85' lang='lat' dir='ltr'>altus</span> <span class='ocrx_word' id='word_1_462' title='bbox 694 4119 756 4157; x_wconf 80' lang='lat' dir='ltr'>mot.</span> <span class='ocrx_word' id='word_1_463' title='bbox 766 4132 802 4142; x_wconf 91' lang='lat'>-·</span> <span class='ocrx_word' id='word_1_464' title='bbox 814 4102 856 4158; x_wconf 84' lang='lat'>38.</span> <span class='ocrx_word' id='word_1_465' title='bbox 872 4103 914 4176; x_wconf 81' lang='lat'>39.</span> <span class='ocrx_word' id='word_1_466' title='bbox 928 4102 1069 4174; x_wconf 83' lang='lat' dir='ltr'>Recipiunt</span> <span class='ocrx_word' id='word_1_467' title='bbox 1085 4119 1113 4154; x_wconf 91' lang='lat' dir='ltr'>se</span> <span class='ocrx_word' id='word_1_468' title='bbox 1125 4101 1193 4153; x_wconf 87' lang='lat' dir='ltr'>Tro·</span> 
     </span>
    </p>
   </div>
   <div class='ocr_carea' id='block_1_9' title="bbox 0 0 1355 4822">
    <p class='ocr_par' dir='ltr' id='par_1_18' title="bbox 0 0 1355 4822">
     <span class='ocr_line' id='line_1_57' title="bbox 0 0 1355 4822; baseline 0 0"><span class='ocrx_word' id='word_1_469' title='bbox 0 0 1355 4822; x_wconf 95' lang='lat' dir='ltr'> </span> 
     </span>
    </p>
   </div>
  </div>
 </body>
</html>
