2700 4822
344 401 582 468 AExuloos
604 403 758 468 LIBER
780 404 845 470 IX.
1073 404 1113 472 25

76 525 233 614 Euryalus
244 525 419 590 confestim
430 525 553 590 alacres
563 525 732 591 admittier
741 545 852 607 orant;

76 632 154 693 Rem
167 653 334 717 magnam,
347 632 559 719 pretiumque
571 654 673 694 morae
685 632 757 695 fore
768 655 776 693 ε
789 633 916 720 primus
928 631 1020 698 Iulus

76 733 213 822 Adcepit
224 733 387 822 trepidos,
399 757 438 798 ac
449 736 566 798 Nisum
578 736 689 800 dicere
696 736 806 824 jussit.

75 839 160 902 Tum
171 841 219 903 sic
232 839 426 928 Hyrtacides
438 865 445 903 :
461 840 608 905 «Audite
620 866 642 905 o
654 842 820 909 mentibus
831 844 949 932 ecquis,

77 944 554 1024 AEneadae3nerehaecnostris
567 965 758 1035 spectentur
768 948 810 1011 ab
821 950 931 1026 annis,
1074 961 1117 1009 235

76 1049 153 1131 Quae
167 1051 315 1114 ferimus.
329 1050 441 1113 Rutuli
453 1073 571 1114 somno
583 1052 730 1140 vinoque
743 1052 842 1117 soluti

77 1155 288 1235 Conticuere;
300 1155 412 1220 locum
424 1155 551 1220 insidiis
563 1159 795 1245 conspeximus
806 1160 885 1246 ipsi,

77 1260 136 1342 Qui
150 1279 241 1348 patet
253 1263 288 1324 in
299 1261 388 1324 bivio
400 1280 520 1349 portae,
533 1286 607 1350 quae
619 1265 767 1350 proxima
779 1281 900 1351 pouto;

79 1365 257 1454 interrupti
270 1368 376 1454 ignes,
389 1384 525 1455 aterque
537 1367 580 1430 ad
593 1366 700 1431 sidera
712 1369 824 1432 fumus

79 1472 242 1561 Erigitur:
255 1474 282 1537 si
295 1478 437 1538 Fortuna
450 1476 640 1562 permittitis
654 1476 715 1554 uti,
1077 1489 1121 1547 ita

77 1578 259 1660 Quaesitum
270 1581 394 1643 AEneau
405 1579 448 1643 ad
459 1581 580 1666 moenia
593 1580 757 1645 Pallantea

75 1729 182 1794 adeoque
194 1733 245 1793 ipsa
255 1743 329 1777 castra
338 1747 446 1794 campum
454 1734 514 1777 intra
524 1731 611 1778 vallum
620 1731 746 1777 habehant.
757 1755 790 1767 -
801 1729 853 1776 233.
864 1729 895 1775 A.
905 1739 984 1793 partus
995 1737 1019 1776 et
1028 1732 1121 1776 musena

75 1799 145 1845 Goth.
163 1813 218 1846 tert.
229 1825 262 1836 -
273 1801 326 1858 ²3l·
341 1805 404 1847 Tunc
416 1815 470 1848 ante
483 1803 543 1849 Pier.
555 1828 587 1837 -·
600 1803 652 1848 236.
671 1801 741 1847 soluti
750 1803 854 1862 reposuit
872 1801 950 1845 Heius.
967 1816 1020 1845 cnm
1034 1800 1121 1846 Medic.

72 1883 95 1915 et
105 1871 173 1926 aliis,
194 1874 264 1917 etiam
280 1873 439 1918 Pierianorum
456 1884 522 1934 parte
534 1871 627 1931 (solutis
639 1873 735 1929 Rom.):
751 1884 776 1915 ut
791 1872 893 1916 varietur
910 1872 992 1914 oratio.
1011 1868 1121 1914 Atticum

71 1939 156 1986 Servio
164 1939 260 2002 sepulti,
272 1941 337 2003 quod
347 1940 455 1988 relictum
464 1941 539 1987 voluit
549 1944 626 1988 versui
640 1942 690 2002 189.
710 1940 780 1985 Goth.
792 1952 844 1985 tert.
855 1943 959 2003 qrututi:
971 1939 1065 1984 obvium
1074 1941 1122 1983 nti·

69 2023 120 2071 qne
138 2022 163 2055 et
180 2009 250 2065 alias,
268 2011 311 2056 ted
326 2027 374 2056 non
389 2011 413 2056 h.
432 2011 449 2056 l.
468 2012 652 2058 obtrudendnm.
664 2035 695 2045 -
708 2010 759 2071 237.
774 2010 904 2055 &aaran
914 2023 996 2052 omnes
1007 2008 1122 2063 Pieriam,

68 2077 187 2126 Mediceo
199 2095 309 2144 excepto,
322 2086 391 2128 etiam
404 2082 508 2129 Parthas.
520 2083 590 2128 Goth.
601 2096 655 2128 tert.
667 2082 714 2126 Eri.
727 2096 769 2127 ms.
780 2079 839 2126 Coll.
855 2082 912 2125 lesu
927 2095 979 2123 enm
995 2079 1087 2122 Donato
1099 2087 1124 2123 et

68 2150 130 2195 edd.
144 2150 252 2212 aliquot:
272 2151 362 2198 Zulich.
376 2154 502 2199 conam
512 2152 550 2199 rel
562 2154 710 2199 Quacum:
724 2164 750 2197 ut
761 2153 833 2196 mirer
843 2151 962 2196 Heinsium
974 2163 1023 2193 uon
1035 2146 1093 2193 eth.
1105 2145 1123 2192 l.

65 2221 162 2264 variari
172 2235 266 2265 versum
280 2237 322 2281 ¹9⁰
331 2221 431 2268 voluisse
441 2239 447 2268 :
462 2225 488 2267 in
498 2239 546 2286 qno
556 2235 591 2268 est
600 2221 755 2277 procubuere,
769 2222 842 2283 idque
851 2218 972 2282 reliquisse
982 2217 1005 2263 h.
1016 2217 1032 2262 l.
1043 2227 1125 2262 contra⁴

66 2289 148 2334 codd.
166 2305 314 2338 consenenm.
329 2297 485 2356 pmspexunus
496 2295 556 2339 ven.
567 2319 599 2328 -
611 2294 663 2339 238.
680 2293 746 2351 Quod
754 2310 778 2355 p.
792 2291 858 2337 Leid.
873 2305 925 2354 qua
935 2304 1046 2352 proxuma
1056 2295 1125 2351 ponte

68 2367 110 2404 est
126 2357 220 2421 aliquot
232 2361 292 2406 Pier.
305 2375 328 2407 et
344 2363 413 2408 Goth.
430 2378 475 2408 aec.
487 2388 519 2398 —
531 2363 583 2424 ²39·
593 2379 620 2408 ae
634 2363 744 2408 unditad
758 2360 841 2407 auem
852 2360 935 2422 fumns
945 2357 1015 2404 Goth.
1029 2369 1081 2402 tert.
1092 2381 1125 2392 -

71 2427 132 2482 24¹·
146 2437 169 2472 02
180 2433 274 2484 moeuia,
286 2430 311 2475 h.
322 2448 343 2477 e.
355 2435 477 2495 quaesitum
490 2434 577 2478 AEnean
589 2446 613 2478 et
622 2436 719 2486 muenia,
733 2431 802 2478 codd.
811 2431 884 2485 Pier„
902 2432 963 2476 inter
975 2443 1033 2490 quos
1040 2428 1125 2472 Roma-

68 2507 121 2542 nus
133 2512 139 2542 :
152 2510 202 2542 tum
214 2499 284 2544 codd.
295 2500 382 2546 Medic.
397 2515 420 2548 et
432 2505 534 2564 potiores
551 2501 592 2548 alii
611 2503 691 2548 Heius.
703 2518 756 2547 cum
768 2499 937 2546 recentioribus
953 2499 1030 2543 Burm.
1043 2508 1067 2542 et
1078 2497 1125 2541 Go-

69 2567 172 2615 thanis:
185 2569 240 2615 edd.
252 2587 347 2634 qttoque
358 2585 414 2619 vett.
425 2574 457 2618 ad
467 2576 548 2619 moeuia
562 2586 640 2619 tamen
658 2573 736 2619 editur
754 2571 811 2616 inde
829 2571 859 2616 ali
875 2570 944 2615 Aldd:
959 2570 1049 2614 Pendet
1059 2566 1126 2630 jndi-

70 2641 154 2695 cium,
173 2640 239 2703 quod
256 2643 338 2699 faciat,
356 2644 385 2689 ab
402 2647 604 2706 interpunctione,
619 2657 642 2690 et
653 2645 683 2689 ab
694 2645 899 2705 interpretatione,
916 2656 986 2703 quam
997 2638 1127 2685 secundun

74 2710 145 2756 illam
157 2711 248 2759 leceris.
264 2715 328 2773 Quid
339 2714 379 2760 alii
391 2719 484 2778 sequuti
496 2719 554 2771 sint,
570 2732 598 2762 ex
609 2717 800 2778 interpunctione
812 2729 894 2760 eorum
905 2714 995 2774 assequi
1006 2725 1052 2756 non
1063 2709 1126 2754 licet.

74 2779 169 2828 Verum
182 2783 308 2847 dupliciter
319 2789 452 2849 interpungi
466 2800 490 2833 et
501 2790 611 2833 constitui
623 2788 689 2833 locus
707 2799 796 2850 potem
816 2797 856 2831 aut
874 2786 918 2839 sic,
938 2797 964 2828 ut
978 2782 1034 2828 olim
1047 2793 1070 2826 et
1081 2781 1126 2841 ipti

72 2853 177 2900 fecimus
188 2870 194 2900 :
205 2855 232 2899 Si
241 2856 342 2902 Fortuna
350 2858 478 2920 pemittitas
492 2860 538 2912 uu,
553 2857 678 2915 Quoesitum
688 2859 777 2903 AEneau
787 2857 819 2900 ad
829 2857 909 2900 moeuia
920 2851 1055 2898 Pallantea:
1069 2851 1127 2895 Mox

81 2979 146 3030 nitie
163 2980 363 3033 erant-232.
379 2982 444 3032 llem
459 2999 582 3054 napinam
631 3000 765 3054 egressum
786 2980 930 3034 referendae
951 2990 1021 3030 sunt.
1047 2976 1127 3026 Porta

82 3077 109 3109 se
122 3059 222 3110 afferre
239 3071 266 3110 et
279 3060 396 3129 pretium
406 3059 469 3129 sore
485 3075 581 3124 moroe,
630 3065 723 3134 igitur,
732 3059 830 3132 quaead
839 3080 912 3112 mare
922 3059 1049 3116 ducebat,
1061 3055 1127 3105 cluat

83 3138 138 3189 scil.
163 3155 244 3207 quam
263 3156 311 3189 suo
333 3139 449 3190 adventu
466 3140 583 3190 afferant
630 3145 686 3194 vias
708 3141 886 3205 ostendebat,
911 3156 1023 3210 quarum
1044 3133 1129 3186 ultera

84 3219 216 3280 consiliis;
226 3237 272 3271 seu
282 3219 370 3288 simpl.
379 3237 509 3290 morapro
519 3232 582 3271 tem·
629 3224 790 3274 Laurentum
807 3234 833 3274 et
849 3239 897 3292 per
914 3231 1000 3271 castra
1015 3215 1129 3267 Rutulo·

84 3319 165 3371 pore,
186 3299 261 3370 quod
279 3302 372 3350 nuntio
387 3299 520 3351 audiendo
533 3301 583 3350 im·
631 3322 690 3355 rum
702 3302 832 3368 ducebat,
847 3303 891 3372 qui
907 3299 940 3352 ab
953 3299 994 3351 his
1006 3295 1128 3369 partibus

84 3381 194 3451 pensuri
209 3381 274 3442 sint3
294 3380 340 3431 alii
351 3381 390 3431 sic
405 3391 583 3450 acceperant,
631 3394 759 3434 venerant
778 3380 813 3432 ad
830 3378 1009 3451 oppugnanda
1026 3387 1128 3437 castra3

84 3474 112 3512 ut
126 3459 245 3532 pretium
261 3461 295 3510 sit
312 3478 362 3531 pro
383 3479 477 3531 poena,
498 3478 582 3524 noxa,
633 3461 718 3514 altera
728 3461 762 3512 ad
772 3460 877 3522 laevam,
889 3464 1139 3541 etatergocastro··

86 3560 165 3612 quam
176 3540 268 3591 luituri
277 3542 346 3604 sint,
357 3541 442 3591 sinon
452 3538 584 3611 extemplo
633 3560 693 3592 rum
702 3542 729 3590 iu
742 3540 879 3590 interiores
892 3548 983 3587 terras.

85 3641 112 3674 se
124 3622 277 3674 admittant.
290 3639 315 3670 v.
329 3619 400 3672 Serv.
414 3650 448 3658 -
461 3619 519 3671 233.
536 3631 586 3670 tre-
670 3620 720 3684 alo
732 3636 806 3687 seqq.
819 3618 845 3668 Si
859 3618 967 3666 fortuna
979 3612 1131 3683 permittitis

84 3702 159 3773 pidos
169 3718 220 3770 pro
231 3691 349 3764 festinis,
361 3714 390 3750 ut
404 3711 478 3763 ante,
488 3697 586 3750 alacres
634 3699 672 3748 uti
685 3713 748 3760 nos,
764 3697 831 3746 utin
844 3693 894 3745 hac
904 3691 1021 3743 hostium
1028 3692 1132 3744 incuria

87 3800 135 3852 pro
152 3780 306 3842 concitatis,
323 3781 388 3849 poni
399 3799 415 3830 a
425 3791 518 3849 poeta,
533 3797 587 3830 rne-
635 3788 660 3827 et
673 3774 809 3838 socordia,
823 3786 910 3825 costra
926 3772 994 3823 clam
1008 3789 1132 3840 erumpa-

86 3861 171 3911 moria
183 3856 343 3910 tenendum:
359 3860 434 3922 item,
455 3874 515 3907 mox
535 3855 585 3907 236
634 3872 710 3906 mus:
724 3871 784 3905 mox
795 3852 903 3905 cernetis
912 3853 948 3902 AE
950 3869 1025 3902 neam
1038 3848 1131 3920 quusi-

82 3938 155 4008 ferre
167 3956 225 3991 esse
237 3939 368 3989 nuntiare.
377 3937 416 3988 De
426 3938 478 3987 situ
489 3948 586 3987 castro-
637 3945 689 3984 tum
702 3973 710 3999 ‚
723 3933 749 3984 h.
770 3952 793 3985 e.
814 3935 964 3995 inventum,
984 3929 1026 3979 liic
1045 3927 1133 3998 affort

87 4036 145 4068 rum
163 4037 187 4067 v.
206 4016 256 4068 238
268 4016 329 4067 vide
342 4015 376 4067 ad
388 4035 412 4066 v.
425 4015 478 4085 ‘195
491 4016 585 4066 Excur.
635 4013 769 4065 reducem.
783 4014 817 4064 cf.
832 4014 894 4062 Vor.
911 4011 983 4061 Lect.
1000 4008 1132 4071 Fortuna,

84 4093 147 4166 1†:
163 4095 264 4148 insidia
275 4094 302 4146 h.
316 4094 334 4146 l.
348 4094 383 4148 ad
393 4094 587 4148 clandestinum
636 4095 791 4160 occasione,
808 4092 894 4164 inquit
912 4090 1092 4154 Burmannus,
1104 4095 1135 4137 ut
