2700 4822
151 428 197 496 st
404 422 950 502 P.v1RG1L11MARON'IS

151 557 355 641 Purpuream
367 554 469 616 vomit
477 539 536 618 'ille
548 557 706 636 animam,
721 575 753 621 et
765 581 842 623 cum
854 560 1012 649 sanguine
1024 563 1124 631 mixta

152 661 237 723 Vina
250 659 351 723 refert
363 658 517 723 moriens.
533 662 595 725 Hic
608 661 697 726 furto
710 663 856 729 fervidus
869 666 982 746 instat3
1153 678 1198 727 350

83 840 88 847 ¹
152 767 293 854 Jamque
305 763 347 827 ad
360 766 503 852 Messapi
515 766 622 830 socios
635 765 805 848 tendehat,
819 769 877 833 uhi
889 771 999 858 ignem

150 870 301 934 Deficere
314 885 511 949 extremum,
527 887 558 934 et
571 872 724 959 religatos
737 875 798 938 rite
810 873 943 940 videbat

150 979 292 1063 Carpere
306 997 439 1061 gramen
453 998 575 1064 equos:
589 975 734 1041 breviter
745 1003 848 1068 quum
861 982 936 1045 talia
949 983 1060 1062 Nisus,

149 1083 256 1148 Sensit
268 1081 356 1144 enim
369 1081 469 1145 nimia
482 1082 573 1146 caede
584 1099 684 1172 atque
697 1083 853 1172 cupidine
866 1086 959 1168 ferri,

153 1220 166 1249 u
177 1188 393 1265 AbsistamuS,
406 1187 470 1250 ait:
484 1210 560 1251 nam
573 1188 628 1250 lux
640 1190 771 1254 inimica
783 1192 995 1280 propinquat.
1152 1206 1198 1254 355

148 1298 323 1359 Poenarum
336 1290 529 1356 exhaustum
541 1293 619 1357 satis
633 1310 697 1372 est,
710 1295 762 1358 via
774 1296 858 1360 facta
870 1319 931 1384 per
942 1297 1063 1363 hostes.
1076 1327 1090 1356 υ

146 1402 253 1466 Multa
264 1399 372 1462 virum
383 1397 491 1462 solido
503 1415 640 1486 argento
654 1401 802 1487 perfecta
814 1402 1008 1491 relinquunt

112 1627 115 1631 ἢ
146 1564 257 1630 βάρωμον
270 1553 323 1610 eici
335 1559 415 1623 φοίνιος
426 1553 489 1625 'Aput
502 1562 649 1626 ois'iffinesr
661 1566 702 1611 uhi
715 1564 760 1611 alia
771 1566 837 1613 videt
848 1567 971 1628 adjtmcta,
984 1585 1037 1632 quae
1048 1568 1079 1615 ad
1091 1586 1144 1620 eam
1153 1585 1199 1617 no-

148 1643 237 1685 tionem
247 1636 333 1680 ducere
343 1646 448 1695 possunt.
463 1634 496 1678 lta
508 1649 603 1696 quoquc
616 1634 645 1679 de
656 1650 696 1689 eo,
708 1638 749 1697 qui
759 1638 861 1681 occurrit
873 1652 901 1682 cx
913 1637 1022 1694 adverso,
1033 1639 1096 1685 bene
1108 1639 1199 1686 dictum

148 1706 259 1766 δίχινθω
272 1702 331 1769 daupi
341 1721 347 1751 :
361 1704 427 1750 iliad.
441 1719 465 1757 t,
484 1705 536 1750 238.
548 1704 657 1766 Apollon.
671 1707 693 1761 1,
717 1721 782 1752 ιοοο.
801 1707 874 1753 multo
889 1718 952 1754 nocte
968 1711 1086 1757 Cornutm
1096 1710 1197 1773 legerat,

148 1782 229 1826 Servio
242 1789 350 1831 notantc;
368 1775 432 1821 haud
450 1775 523 1820 dubie
540 1775 651 1821 indocte:
664 1791 707 1822 nec
719 1778 838 1838 procedit,
852 1790 878 1824 ut
889 1779 935 1824 hoc
946 1781 1022 1842 ipsum
1034 1797 1087 1826 cum
1099 1782 1197 1828 Heinsio

148 1851 178 1896 de
191 1862 264 1895 morte
276 1849 383 1910 accipias.
396 1844 467 1891 multa
477 1849 499 1890 in
508 1846 663 1961 mortq'Goth.
676 1863 736 1903 sec,
751 1861 774 1894 et
786 1849 891 1896 Parthas.
904 1850 1020 1915 multaque
1036 1855 1059 1896 in
1074 1861 1157 1908 marte,
1175 1865 1198 1898 et

146 1918 257 1966 Waddel.
271 1920 346 1962 Anim.
359 1918 415 1962 Crit.
427 1932 450 1978 p.
464 1915 493 1962 32
505 1925 529 1961 et
543 1919 582 1960 ina
593 1925 616 1961 ta
625 1925 702 1962 morte.
715 1918 816 1964 liaberet
828 1919 909 1965 saltem
921 1923 1047 1976 radonem,
1059 1923 1079 1966 ti
1090 1921 1197 1968 diceres:

145 1991 219 2039 malta
228 1999 298 2037 morte
308 2005 356 2035 esse
367 1989 455 2034 dictum
465 1988 495 2034 de
505 1988 603 2034 vulnere
612 1988 659 2034 alte
671 1988 737 2034 illato
748 1992 923 2055 certissimaque
934 1993 993 2039 adeo
1003 2005 1086 2039 morte.
1100 2017 1132 2028 -
1144 1991 1196 2052 349.

145 2065 215 2109 vomit
224 2059 261 2105 iile
270 2062 369 2104 animam
378 2072 431 2102 cum
440 2073 459 2102 s.
470 2060 563 2102 mixtam
572 2059 632 2102 Ven.
645 2067 667 2102 et
678 2058 743 2104 abest
752 2076 848 2123 quoque
858 2061 957 2107 Oudai-t.
970 2074 993 2107 et
1004 2061 1094 2107 zulich.
1105 2064 1199 2106 mtrem

146 2137 217 2181 etiam
224 2130 329 2177 Parthas.
339 2144 392 2174 cum
403 2127 473 2173 Gotli.
482 2140 535 2174 tert.
547 2155 579 2165 -
590 2129 643 2174 350.
652 2130 712 2175 Hinc
722 2131 836 2199 Montalb.
851 2136 914 2177 liene
923 2135 983 2178 Ven.
992 2134 1053 2178 Here
1060 2131 1107 2179 obl.
1117 2134 1196 2178 Pierii.

145 2205 211 2252 Nihil
226 2202 343 2249 satisfacit.
362 2198 443 2244 Malim
461 2200 497 2245 Sic
516 2199 569 2255 ille,
589 2201 714 2265 Euryalus,
733 2204 836 2249 caedibus
848 2204 962 2250 faciendis
973 2203 1064 2251 fervide
1075 2206 1153 2251 instat.
1166 2228 1197 2240 ·-

148 2275 202 2320 351.
217 2272 248 2318 ihi
256 2276 327 2336 iqnem
336 2271 403 2314 iloni.
414 2281 437 2314 et
447 2270 537 2333 aliquot
547 2272 608 2316 Pier.
620 2284 643 2317 et
652 2270 760 2335 plerique
770 2274 850 2320 Heius.
865 2290 919 2320 cum
935 2277 986 2337 ipso
1001 2274 1088 2320 Medic.
1100 2299 1133 2311 --
1143 2274 1196 2320 352.

141 2345 205 2410 forte
214 2359 257 2406 pro
270 2345 312 2387 rite
322 2340 391 2385 Goth.
406 2351 457 2385 tert.
471 2341 576 2386 enitebant
584 2357 619 2403 pr.
634 2355 656 2387 et
668 2354 721 2388 tert.
734 2344 844 2389 llottend.
857 2371 888 2380 -
901 2345 956 2391 353.
969 2346 1002 2391 br.
1013 2348 1052 2391 cui
1059 2344 1108 2391 duo
1117 2347 1196 2392 Heius.

147 2429 172 2463 et
183 2416 231 2462 duo
243 2416 324 2458 Burin.
338 2419 387 2456 tum
396 2411 455 2455 Ven.
469 2424 492 2457 et
504 2411 572 2456 Goth.
586 2424 638 2457 tert.
650 2438 682 2448 —
694 2413 745 2458 355.
760 2413 930 2470 Acceleremus,
948 2417 1054 2461 altstetii
1066 2414 1145 2461 Schol.
1160 2432 1196 2478 ap.

146 2490 288 2538 Burmann,
303 2484 489 2544 perperam-jam
498 2481 539 2527 lux
548 2482 613 2528 Leid.
626 2509 658 2519 -
668 2483 722 2529 356.
730 2483 836 2531 exhausa·
842 2487 897 2530 satis
903 2492 938 2530 est
946 2500 982 2546 pr.
994 2485 1088 2546 Menag.
1100 2508 1133 2521 -
1144 2484 1195 2553 337.

148 2629 244 2692 talem,
255 2644 315 2678 cum
324 2643 377 2696 qno
387 2628 439 2677 vita
451 2626 564 2678 efflatur.
573 2627 645 2677 conf.
698 2628 785 2699 iqnem
797 2639 940 2680 extremum
953 2630 1011 2699 quis
1024 2627 1130 2679 dubitet
1139 2630 1197 2697 jun·

146 2711 210 2761 Var.
218 2708 289 2758 Lect.
301 2735 335 2744 -
345 2705 405 2773 349.
417 2705 475 2758 350.
487 2717 513 2757 et
523 2723 583 2756 cum
592 2725 648 2757 san·
696 2726 772 2778 gere,
783 2720 812 2758 ut
824 2705 912 2758 lamen
923 2719 1080 2771 extremum,
1088 2709 1196 2776 jamjam

143 2789 229 2862 preire
240 2785 322 2836 mixta
336 2785 397 2835 vina
415 2785 510 2856 refert,
525 2783 631 2854 dreqipu
638 2824 647 2848 ‚
696 2785 753 2837 fere
763 2800 931 2838 consumtum
942 2800 968 2838 et
978 2785 1113 2850 deficiens,
1122 2786 1193 2865 conf:

147 2869 249 2938 rejicit,
261 2879 290 2916 ut
303 2865 374 2917 Serv.
388 2866 498 2918 Sensum
510 2868 591 2938 igitur
602 2867 648 2917 foe-
696 2865 783 2915 Burm.
799 2864 921 2937 reliqatos
933 2866 1000 2931 rite,
1013 2885 1044 2917 ex
1058 2884 1148 2929 more,
1166 2882 1195 2916 ex

148 2947 188 2999 dae
199 2958 224 2998 et
232 2947 341 3016 ingratae
350 2947 387 2996 rei
397 2958 477 3016 poeta
487 2944 581 2996 habuit
591 2944 649 2995 nul·
697 2944 804 2996 militari
817 2944 1009 2997 consuetudine
1018 2981 1027 3009 ,
1036 2944 1149 3016 ligatos,
1160 2947 1196 2997 ait

147 3025 220 3089 lum,
233 3026 278 3095 qui
291 3027 341 3074 ista
350 3042 497 3076 memorare
509 3041 564 3075 non
574 3023 649 3074 dubi·
697 3022 768 3074 Serv.
781 3044 788 3085 ς
806 3023 899 3094 quidni
912 3022 1067 3094 simpliciter
1081 3026 1196 3096 accipia-

148 3107 220 3157 tavit.
235 3103 286 3155 Sed
298 3122 347 3154 nec
360 3103 420 3164 alii,
433 3103 524 3155 Ovidii
536 3115 561 3156 et
573 3102 649 3153 Statii
697 3119 756 3152 mus
767 3123 773 3152 t
791 3122 874 3173 equos
887 3105 935 3155 rite
948 3103 1087 3173 alligatos,
1102 3106 1142 3155 uti
1156 3122 1196 3156 res

148 3181 366 3254 exemplaCetda
377 3181 482 3248 laudat,
493 3182 649 3252 descriptio·
692 3178 842 3250 poscebat,
859 3184 898 3233 uti
917 3193 1126 3234 consentaneum
1142 3197 1197 3237 erat

147 3282 210 3314 nem
229 3274 284 3311 tam
302 3260 454 3325 molestam,
474 3274 500 3311 et
520 3278 648 3311 nauseam
696 3258 1197 3335 facere,neliberidiscurrerentrlpud

148 3354 300 3394 moventem
319 3341 483 3413 refugerunt.
500 3342 574 3391 Ferri
590 3339 647 3391 haec
696 3340 803 3390 Homer.
815 3342 841 3391 in
855 3359 887 3392 ea
898 3360 926 3391 re
939 3340 1014 3392 iliad.
1027 3360 1056 3402 κ,
1070 3341 1123 3410 475
1136 3344 1196 3414 equi

147 3434 278 3494 possunt,
293 3420 340 3471 ubi
356 3439 416 3470 cum
431 3419 551 3470 foeditate
562 3437 648 3472 sensus
689 3424 729 3469 'ex
749 3438 829 3470 curru
848 3432 964 3471 extremo
980 3419 1055 3491 ligati
1076 3422 1146 3472 senti
1164 3450 1196 3461 -

149 3500 262 3553 horroris
273 3501 382 3551 excitari
394 3498 484 3565 debet,
495 3511 524 3548 ut
534 3498 567 3550 de
575 3497 646 3549 Caco
696 3495 757 3550 356.
775 3499 919 3549 Poenarum
930 3497 957 3549 h.
972 3497 990 3548 l.
1008 3516 1058 3568 pro
1074 3499 1152 3552 'cade
1164 3499 1197 3552 ad

147 3581 223 3645 VIII,
239 3580 287 3650 196
301 3578 369 3631 adde
380 3580 421 3643 V,
437 3578 497 3647 469.
511 3579 571 3628 No'n
584 3580 648 3647 jun·
696 3575 879 3628 ulciscendum
890 3577 993 3628 hostem
1005 3576 1095 3642 facta;
1114 3579 1198 3631 coedes

147 3678 210 3731 gam
224 3659 302 3729 furto
319 3657 457 3728 fervidus,
479 3656 526 3707 sed
546 3656 648 3709 fervide
697 3657 1035 3707 satismultaefactaesunt.
1120 3664 1123 3669 '

147 3740 229 3790 instat
246 3737 345 3807 furto,
372 3735 471 3786 furtive
494 3747 520 3785 et
544 3736 650 3786 occulta
735 3733 882 3804 357-366.
897 3736 1007 3787 Omissis
1024 3737 1121 3788 ceteris
1136 3755 1197 3811 spo-

148 3817 228 3869 caede.
702 3813 744 3866 liis
752 3813 1199 3886 arteelaboratis‚phaleras‚·etcin·

184 3891 349 3947 350-356.
373 3890 518 3943 Manifesta
537 3893 646 3944 Homeri
699 3894 789 3966 gulum
797 3895 950 3948 Rhamnetis
958 3897 1043 3948 aufert
1054 3897 1195 3970 Euryalum

148 3975 261 4044 vestigia
272 3971 347 4023 lliud.
359 3992 386 4031 ιι,
404 3971 456 4040 494
468 3989 525 4042 sqq.
539 3973 566 4022 in
579 3973 647 4025 Rhe·
695 3992 751 4025 una
763 3993 824 4025 cum
836 3975 1045 4048 galeaMessapi,
1057 3995 1111 4046 qua
1121 3977 1196 4048 paul·

150 4073 197 4118 so,
210 4070 293 4122 usque
304 4050 338 4103 ad
347 4050 410 4117 514.
423 4050 561 4121 Messapus
572 4071 648 4104 exeu·
695 4054 723 4104 lo
734 4067 795 4125 post
802 4056 859 4126 ipsc
867 4055 990 4126 proditur
996 4055 1128 4107 hostibus.
1132 4055 1196 4129 pira·

149 4132 201 4184 biis
210 4142 265 4184 erat
273 4130 413 4201 praefectus
422 4146 479 4199 sup.
487 4130 532 4196 IX,
542 4130 646 4199 159etc.
698 4130 765 4184 leroe.
776 4133 919 4187 Dubitatur
928 4147 955 4186 et
966 4134 992 4186 h.
1004 4135 1023 4186 l.
1037 4136 1125 4189 sintne
1135 4133 1195 4205 equi
1211 4169 1214 4176 .
