<?xml version="1.0" encoding="UTF-8"?>
<!DOCTYPE html PUBLIC "-//W3C//DTD XHTML 1.0 Transitional//EN"
    "http://www.w3.org/TR/xhtml1/DTD/xhtml1-transitional.dtd">
<html xmlns="http://www.w3.org/1999/xhtml" xml:lang="en" lang="en">
 <head>
  <title>
</title>
<meta http-equiv="Content-Type" content="text/html;charset=utf-8" />
  <meta name='ocr-system' content='tesseract 3.04.00' />
  <meta name='ocr-capabilities' content='ocr_page ocr_carea ocr_par ocr_line ocrx_word'/>
</head>
<body>
  <div class='ocr_page' id='page_1' title='image "bibliothecaclas22lemagoog_0044.png"; bbox 0 0 2700 4822; ppageno 0'>
   <div class='ocr_carea' id='block_1_1' title="bbox 64 360 985 1519">
    <p class='ocr_par' dir='ltr' id='par_1_1' title="bbox 64 360 985 1519">
     <span class='ocr_line' id='line_1_1' title="bbox 343 360 844 431; baseline 0.008 -7"><span class='ocrx_word' id='word_1_1' title='bbox 343 360 580 426; x_wconf 68' lang='lat' dir='ltr'>AENEIDOS</span> <span class='ocrx_word' id='word_1_2' title='bbox 602 362 758 427; x_wconf 81' lang='lat' dir='ltr'>LIBER</span> <span class='ocrx_word' id='word_1_3' title='bbox 781 363 844 431; x_wconf 82' lang='lat' dir='ltr'>lX.</span> 
     </span>
     <span class='ocr_line' id='line_1_2' title="bbox 65 484 881 576; baseline 0.009 -31"><span class='ocrx_word' id='word_1_4' title='bbox 65 486 179 572; x_wconf 81' lang='lat' dir='ltr'>Atque</span> <span class='ocrx_word' id='word_1_5' title='bbox 190 484 339 547; x_wconf 89' lang='lat' dir='ltr'>animum</span> <span class='ocrx_word' id='word_1_6' title='bbox 351 486 466 572; x_wconf 70' lang='lat' dir='ltr'>patriae</span> <span class='ocrx_word' id='word_1_7' title='bbox 477 486 606 550; x_wconf 81' lang='lat' dir='ltr'>strinxit</span> <span class='ocrx_word' id='word_1_8' title='bbox 619 488 751 574; x_wconf 85' lang='lat' dir='ltr'>pietatis</span> <span class='ocrx_word' id='word_1_9' title='bbox 763 488 881 576; x_wconf 81' lang='lat' dir='ltr'>unago.</span> 
     </span>
     <span class='ocr_line' id='line_1_3' title="bbox 64 590 370 654; baseline -0.003 -1"><span class='ocrx_word' id='word_1_10' title='bbox 64 590 158 653; x_wconf 89' lang='lat' dir='ltr'>Tum</span> <span class='ocrx_word' id='word_1_11' title='bbox 169 591 218 654; x_wconf 86' lang='lat' dir='ltr'>sic</span> <span class='ocrx_word' id='word_1_12' title='bbox 229 591 370 654; x_wconf 83' lang='lat' dir='ltr'><strong>effatur:</strong></span> 
     </span>
     <span class='ocr_line' id='line_1_4' title="bbox 68 694 909 788; baseline 0.01 -32"><span class='ocrx_word' id='word_1_13' title='bbox 68 725 85 752; x_wconf 80' lang='grc' dir='ltr'><strong><em>ι</em></strong></span> <span class='ocrx_word' id='word_1_14' title='bbox 99 694 257 782; x_wconf 86' lang='lat' dir='ltr'><strong>Spondeo</strong></span> <span class='ocrx_word' id='word_1_15' title='bbox 269 695 368 783; x_wconf 85' lang='lat' dir='ltr'>digna</span> <span class='ocrx_word' id='word_1_16' title='bbox 379 697 445 760; x_wconf 83' lang='lat' dir='ltr'>tuis</span> <span class='ocrx_word' id='word_1_17' title='bbox 458 697 647 784; x_wconf 80' lang='lat' dir='ltr'>ingentibus</span> <span class='ocrx_word' id='word_1_18' title='bbox 659 699 771 763; x_wconf 83' lang='lat' dir='ltr'>omnia</span> <span class='ocrx_word' id='word_1_19' title='bbox 782 701 909 788; x_wconf 74' lang='lat' dir='ltr'>emptis.</span> 
     </span>
     <span class='ocr_line' id='line_1_5' title="bbox 65 801 985 895; baseline 0.013 -32"><span class='ocrx_word' id='word_1_20' title='bbox 65 802 221 890; x_wconf 71' lang='lat' dir='ltr'>Namque</span> <span class='ocrx_word' id='word_1_21' title='bbox 234 803 297 864; x_wconf 92' lang='lat' dir='ltr'>erit</span> <span class='ocrx_word' id='word_1_22' title='bbox 307 803 368 865; x_wconf 88' lang='lat' dir='ltr'>ista</span> <span class='ocrx_word' id='word_1_23' title='bbox 380 801 462 865; x_wconf 90' lang='lat' dir='ltr'>mihi</span> <span class='ocrx_word' id='word_1_24' title='bbox 474 804 636 889; x_wconf 77' lang='lat' dir='ltr'>genetrix,</span> <span class='ocrx_word' id='word_1_25' title='bbox 651 827 841 895; x_wconf 85' lang='lat' dir='ltr'>nomenque</span> <span class='ocrx_word' id='word_1_26' title='bbox 853 808 985 874; x_wconf 66' lang='lat' dir='ltr'>Creusae</span> 
     </span>
     <span class='ocr_line' id='line_1_6' title="bbox 67 901 957 996; baseline 0.004 -25"><span class='ocrx_word' id='word_1_27' title='bbox 67 907 184 971; x_wconf 91' lang='lat' dir='ltr'>Solum</span> <span class='ocrx_word' id='word_1_28' title='bbox 197 907 356 986; x_wconf 83' lang='lat' dir='ltr'>defuerit,</span> <span class='ocrx_word' id='word_1_29' title='bbox 370 931 433 972; x_wconf 88' lang='lat' dir='ltr'>nec</span> <span class='ocrx_word' id='word_1_30' title='bbox 444 925 576 995; x_wconf 82' lang='lat' dir='ltr'>partum</span> <span class='ocrx_word' id='word_1_31' title='bbox 589 911 691 996; x_wconf 83' lang='lat' dir='ltr'>gratia</span> <span class='ocrx_word' id='word_1_32' title='bbox 704 911 803 975; x_wconf 83' lang='lat' dir='ltr'>talem</span> <span class='ocrx_word' id='word_1_33' title='bbox 950 901 957 916; x_wconf 50' lang='lat'>⁸</span> 
     </span>
     <span class='ocr_line' id='line_1_7' title="bbox 67 1014 984 1109; baseline 0.007 -33"><span class='ocrx_word' id='word_1_34' title='bbox 67 1015 172 1076; x_wconf 76' lang='lat' dir='ltr'>Parra</span> <span class='ocrx_word' id='word_1_35' title='bbox 184 1031 296 1077; x_wconf 86' lang='lat' dir='ltr'>manet</span> <span class='ocrx_word' id='word_1_36' title='bbox 308 1038 316 1075; x_wconf 92' lang='lat'><strong>:</strong></span> <span class='ocrx_word' id='word_1_37' title='bbox 329 1036 423 1078; x_wconf 75' lang='lat' dir='ltr'>msus</span> <span class='ocrx_word' id='word_1_38' title='bbox 436 1014 558 1078; x_wconf 75' lang='lat' dir='ltr'>factum</span> <span class='ocrx_word' id='word_1_39' title='bbox 572 1016 776 1109; x_wconf 72' lang='lat' dir='ltr'>quicumque</span> <span class='ocrx_word' id='word_1_40' title='bbox 788 1035 984 1107; x_wconf 88' lang='lat' dir='ltr'>sequentur,</span> 
     </span>
     <span class='ocr_line' id='line_1_8' title="bbox 67 1120 948 1210; baseline 0.007 -24"><span class='ocrx_word' id='word_1_41' title='bbox 67 1123 135 1186; x_wconf 92' lang='lat' dir='ltr'>Per</span> <span class='ocrx_word' id='word_1_42' title='bbox 145 1139 246 1209; x_wconf 85' lang='lat' dir='ltr'>caput</span> <span class='ocrx_word' id='word_1_43' title='bbox 256 1120 321 1186; x_wconf 90' lang='lat' dir='ltr'>boc</span> <span class='ocrx_word' id='word_1_44' title='bbox 329 1122 422 1210; x_wconf 91' lang='lat' dir='ltr'>juro,</span> <span class='ocrx_word' id='word_1_45' title='bbox 436 1145 497 1208; x_wconf 87' lang='lat' dir='ltr'>per</span> <span class='ocrx_word' id='word_1_46' title='bbox 509 1122 599 1210; x_wconf 91' lang='lat' dir='ltr'>quod</span> <span class='ocrx_word' id='word_1_47' title='bbox 613 1141 707 1210; x_wconf 84' lang='lat' dir='ltr'>pater</span> <span class='ocrx_word' id='word_1_48' title='bbox 717 1143 794 1190; x_wconf 88' lang='lat' dir='ltr'>ante</span> <span class='ocrx_word' id='word_1_49' title='bbox 806 1125 948 1206; x_wconf 84' lang='lat' dir='ltr'>solebat;</span> 
     </span>
     <span class='ocr_line' id='line_1_9' title="bbox 66 1226 902 1318; baseline 0.005 -27"><span class='ocrx_word' id='word_1_50' title='bbox 66 1228 151 1308; x_wconf 90' lang='lat' dir='ltr'>Quae</span> <span class='ocrx_word' id='word_1_51' title='bbox 164 1226 225 1291; x_wconf 89' lang='lat' dir='ltr'>tibi</span> <span class='ocrx_word' id='word_1_52' title='bbox 236 1227 400 1314; x_wconf 87' lang='lat' dir='ltr'>polliceor</span> <span class='ocrx_word' id='word_1_53' title='bbox 410 1226 541 1307; x_wconf 85' lang='lat' dir='ltr'>reduci,</span> <span class='ocrx_word' id='word_1_54' title='bbox 555 1228 722 1318; x_wconf 83' lang='lat' dir='ltr'>rebusque</span> <span class='ocrx_word' id='word_1_55' title='bbox 734 1229 902 1305; x_wconf 85' lang='lat' dir='ltr'>secundis,</span> 
     </span>
     <span class='ocr_line' id='line_1_10' title="bbox 68 1331 957 1422; baseline 0 -27"><span class='ocrx_word' id='word_1_56' title='bbox 68 1335 151 1396; x_wconf 80' lang='lat' dir='ltr'>Haec</span> <span class='ocrx_word' id='word_1_57' title='bbox 163 1331 281 1397; x_wconf 89' lang='lat' dir='ltr'>eadem</span> <span class='ocrx_word' id='word_1_58' title='bbox 291 1334 455 1421; x_wconf 82' lang='lat' dir='ltr'>matrique</span> <span class='ocrx_word' id='word_1_59' title='bbox 468 1349 532 1397; x_wconf 76' lang='lat' dir='ltr'>tuae</span> <span class='ocrx_word' id='word_1_60' title='bbox 545 1336 725 1422; x_wconf 76' lang='lat' dir='ltr'>generique</span> <span class='ocrx_word' id='word_1_61' title='bbox 738 1335 930 1401; x_wconf 83' lang='lat' dir='ltr'>manebunt.</span> <span class='ocrx_word' id='word_1_62' title='bbox 943 1367 957 1395; x_wconf 72' lang='lat' dir='ltr'>s</span> 
     </span>
     <span class='ocr_line' id='line_1_11' title="bbox 68 1438 910 1519; baseline 0.004 -16"><span class='ocrx_word' id='word_1_63' title='bbox 68 1439 123 1505; x_wconf 91' lang='lat' dir='ltr'>Sic</span> <span class='ocrx_word' id='word_1_64' title='bbox 134 1440 181 1503; x_wconf 88' lang='lat' dir='ltr'>ait</span> <span class='ocrx_word' id='word_1_65' title='bbox 192 1440 417 1519; x_wconf 69' lang='lat' dir='ltr'>inlacrimans,</span> <span class='ocrx_word' id='word_1_66' title='bbox 430 1438 571 1502; x_wconf 88' lang='lat' dir='ltr'>humero</span> <span class='ocrx_word' id='word_1_67' title='bbox 584 1439 682 1504; x_wconf 88' lang='lat' dir='ltr'>simul</span> <span class='ocrx_word' id='word_1_68' title='bbox 695 1441 784 1505; x_wconf 82' lang='lat' dir='ltr'>exuit</span> <span class='ocrx_word' id='word_1_69' title='bbox 796 1463 910 1506; x_wconf 85' lang='lat' dir='ltr'>ensem</span> 
     </span>
    </p>
   </div>
   <div class='ocr_carea' id='block_1_2' title="bbox 1074 1142 1120 1191">
    <p class='ocr_par' dir='ltr' id='par_1_2' title="bbox 1074 1142 1120 1191">
     <span class='ocr_line' id='line_1_12' title="bbox 1074 1142 1120 1191; baseline 0.043 -2"><span class='ocrx_word' id='word_1_70' title='bbox 1074 1142 1120 1191; x_wconf 70' lang='lat' dir='ltr'>sn</span> 
     </span>
    </p>
   </div>
   <div class='ocr_carea' id='block_1_3' title="bbox 67 1622 1122 2256">
    <p class='ocr_par' dir='ltr' id='par_1_3' title="bbox 67 1622 1122 2256">
     <span class='ocr_line' id='line_1_13' title="bbox 103 1622 1120 1687; baseline 0.01 -19"><span class='ocrx_word' id='word_1_71' title='bbox 103 1626 155 1684; x_wconf 84' lang='lat'>²9⁵·</span> <span class='ocrx_word' id='word_1_72' title='bbox 167 1623 261 1685; x_wconf 75' lang='lat' dir='ltr'>ndsouo</span> <span class='ocrx_word' id='word_1_73' title='bbox 270 1622 359 1685; x_wconf 77' lang='lat' dir='ltr'>aliquot</span> <span class='ocrx_word' id='word_1_74' title='bbox 368 1624 429 1668; x_wconf 86' lang='lat' dir='ltr'>Pier.</span> <span class='ocrx_word' id='word_1_75' title='bbox 440 1636 463 1669; x_wconf 85' lang='lat' dir='ltr'>et</span> <span class='ocrx_word' id='word_1_76' title='bbox 473 1625 552 1669; x_wconf 85' lang='lat' dir='ltr'>Heius.</span> <span class='ocrx_word' id='word_1_77' title='bbox 564 1648 597 1658; x_wconf 93' lang='lat'><em>-</em></span> <span class='ocrx_word' id='word_1_78' title='bbox 609 1623 661 1684; x_wconf 72' lang='lat'>29⁶.</span> <span class='ocrx_word' id='word_1_79' title='bbox 673 1624 761 1687; x_wconf 75' lang='lat' dir='ltr'>Sponde</span> <span class='ocrx_word' id='word_1_80' title='bbox 774 1625 852 1669; x_wconf 75' lang='lat' dir='ltr'>l&#39;rsiu.</span> <span class='ocrx_word' id='word_1_81' title='bbox 863 1642 875 1670; x_wconf 87' lang='lat' dir='ltr'>e</span> <span class='ocrx_word' id='word_1_82' title='bbox 885 1625 974 1681; x_wconf 68' lang='lat' dir='ltr'>Coloe,</span> <span class='ocrx_word' id='word_1_83' title='bbox 985 1639 1008 1672; x_wconf 85' lang='lat' dir='ltr'>et</span> <span class='ocrx_word' id='word_1_84' title='bbox 1017 1627 1120 1678; x_wconf 63' lang='lat' dir='ltr'>Heium</span> 
     </span>
     <span class='ocr_line' id='line_1_14' title="bbox 67 1694 1120 1761; baseline 0.005 -20"><span class='ocrx_word' id='word_1_85' title='bbox 67 1695 157 1741; x_wconf 71' lang='lat' dir='ltr'>Medic.</span> <span class='ocrx_word' id='word_1_86' title='bbox 168 1696 267 1758; x_wconf 79' lang='lat' dir='ltr'>aliisque</span> <span class='ocrx_word' id='word_1_87' title='bbox 276 1695 432 1750; x_wconf 79' lang='lat' dir='ltr'>defendebat,</span> <span class='ocrx_word' id='word_1_88' title='bbox 446 1698 471 1740; x_wconf 84' lang='lat' dir='ltr'>in</span> <span class='ocrx_word' id='word_1_89' title='bbox 487 1695 573 1758; x_wconf 86' lang='lat' dir='ltr'>quibus</span> <span class='ocrx_word' id='word_1_90' title='bbox 584 1694 621 1740; x_wconf 81' lang='lat' dir='ltr'>vel</span> <span class='ocrx_word' id='word_1_91' title='bbox 637 1696 733 1757; x_wconf 71' lang='lat' dir='ltr'>sponde,</span> <span class='ocrx_word' id='word_1_92' title='bbox 746 1694 784 1740; x_wconf 86' lang='lat' dir='ltr'>vel</span> <span class='ocrx_word' id='word_1_93' title='bbox 799 1704 889 1757; x_wconf 78' lang='lat' dir='ltr'>sponte,</span> <span class='ocrx_word' id='word_1_94' title='bbox 902 1699 989 1759; x_wconf 75' lang='lat' dir='ltr'>speriti,</span> <span class='ocrx_word' id='word_1_95' title='bbox 1000 1700 1083 1761; x_wconf 72' lang='lat' dir='ltr'>quurrle</span> <span class='ocrx_word' id='word_1_96' title='bbox 1094 1717 1120 1756; x_wconf 86' lang='lat' dir='ltr'>o,</span> 
     </span>
     <span class='ocr_line' id='line_1_15' title="bbox 71 1766 1121 1828; baseline 0.003 -16"><span class='ocrx_word' id='word_1_97' title='bbox 71 1780 134 1822; x_wconf 79' lang='lat' dir='ltr'>erat,</span> <span class='ocrx_word' id='word_1_98' title='bbox 143 1780 168 1812; x_wconf 90' lang='lat' dir='ltr'>ut</span> <span class='ocrx_word' id='word_1_99' title='bbox 176 1779 236 1812; x_wconf 80' lang='lat' dir='ltr'>esset</span> <span class='ocrx_word' id='word_1_100' title='bbox 244 1783 249 1811; x_wconf 93' lang='lat'>:</span> <span class='ocrx_word' id='word_1_101' title='bbox 258 1767 362 1828; x_wconf 75' lang='lat' dir='ltr'>sponde,</span> <span class='ocrx_word' id='word_1_102' title='bbox 370 1769 480 1828; x_wconf 82' lang='lat' dir='ltr'>promitte</span> <span class='ocrx_word' id='word_1_103' title='bbox 490 1767 545 1821; x_wconf 87' lang='lat' dir='ltr'>tibi,</span> <span class='ocrx_word' id='word_1_104' title='bbox 554 1778 657 1828; x_wconf 77' lang='lat' dir='ltr'>expecta.</span> <span class='ocrx_word' id='word_1_105' title='bbox 667 1768 745 1811; x_wconf 84' lang='lat' dir='ltr'>Burtu.</span> <span class='ocrx_word' id='word_1_106' title='bbox 756 1766 818 1811; x_wconf 84' lang='lat' dir='ltr'>bene</span> <span class='ocrx_word' id='word_1_107' title='bbox 827 1780 906 1812; x_wconf 78' lang='lat' dir='ltr'>uiouet</span> <span class='ocrx_word' id='word_1_108' title='bbox 913 1801 920 1822; x_wconf 95' lang='lat'>,</span> <span class='ocrx_word' id='word_1_109' title='bbox 927 1783 952 1812; x_wconf 83' lang='lat' dir='ltr'>se</span> <span class='ocrx_word' id='word_1_110' title='bbox 959 1767 1078 1825; x_wconf 79' lang='lat' dir='ltr'>dubitare,</span> <span class='ocrx_word' id='word_1_111' title='bbox 1091 1787 1121 1817; x_wconf 74' lang='lat' dir='ltr'>su</span> 
     </span>
     <span class='ocr_line' id='line_1_16' title="bbox 69 1836 1121 1902; baseline 0.005 -20"><span class='ocrx_word' id='word_1_112' title='bbox 69 1839 152 1883; x_wconf 72' lang='lat' dir='ltr'>latine</span> <span class='ocrx_word' id='word_1_113' title='bbox 160 1838 253 1883; x_wconf 79' lang='lat' dir='ltr'>dicatur</span> <span class='ocrx_word' id='word_1_114' title='bbox 260 1854 266 1882; x_wconf 79' lang='lat' dir='ltr'><strong>t</strong></span> <span class='ocrx_word' id='word_1_115' title='bbox 274 1836 319 1881; x_wconf 84' lang='lat' dir='ltr'>sibi</span> <span class='ocrx_word' id='word_1_116' title='bbox 322 1838 438 1899; x_wconf 76' lang='lat' dir='ltr'>spondere.</span> <span class='ocrx_word' id='word_1_117' title='bbox 447 1840 471 1882; x_wconf 88' lang='lat' dir='ltr'>Si</span> <span class='ocrx_word' id='word_1_118' title='bbox 478 1850 555 1882; x_wconf 87' lang='lat' dir='ltr'>tamen</span> <span class='ocrx_word' id='word_1_119' title='bbox 563 1836 600 1882; x_wconf 86' lang='lat' dir='ltr'>vel</span> <span class='ocrx_word' id='word_1_120' title='bbox 608 1839 706 1880; x_wconf 82' lang='lat' dir='ltr'>maxime</span> <span class='ocrx_word' id='word_1_121' title='bbox 716 1838 796 1881; x_wconf 78' lang='lat' dir='ltr'>Latine</span> <span class='ocrx_word' id='word_1_122' title='bbox 804 1838 835 1881; x_wconf 82' lang='lat' dir='ltr'>ita</span> <span class='ocrx_word' id='word_1_123' title='bbox 844 1836 941 1889; x_wconf 73' lang='lat' dir='ltr'>(liceret,</span> <span class='ocrx_word' id='word_1_124' title='bbox 951 1852 1027 1883; x_wconf 82' lang='lat' dir='ltr'>tatucu</span> <span class='ocrx_word' id='word_1_125' title='bbox 1035 1841 1121 1902; x_wconf 72' lang='lat' dir='ltr'>pru-le·</span> 
     </span>
     <span class='ocr_line' id='line_1_17' title="bbox 70 1907 1121 1972; baseline 0.003 -19"><span class='ocrx_word' id='word_1_126' title='bbox 70 1924 134 1953; x_wconf 81' lang='lat' dir='ltr'>ram:</span> <span class='ocrx_word' id='word_1_127' title='bbox 145 1910 259 1971; x_wconf 81' lang='lat' dir='ltr'>Spondeo,</span> <span class='ocrx_word' id='word_1_128' title='bbox 271 1921 381 1971; x_wconf 86' lang='lat' dir='ltr'>tanquam</span> <span class='ocrx_word' id='word_1_129' title='bbox 390 1911 480 1954; x_wconf 82' lang='lat' dir='ltr'>Ascanii</span> <span class='ocrx_word' id='word_1_130' title='bbox 488 1924 593 1970; x_wconf 75' lang='lat' dir='ltr'>persona·</span> <span class='ocrx_word' id='word_1_131' title='bbox 600 1910 692 1967; x_wconf 82' lang='lat' dir='ltr'>egregie</span> <span class='ocrx_word' id='word_1_132' title='bbox 701 1907 908 1952; x_wconf 82' lang='lat' dir='ltr'>accommodatum.</span> <span class='ocrx_word' id='word_1_133' title='bbox 916 1910 953 1952; x_wconf 74' lang='lat' dir='ltr'>Sir</span> <span class='ocrx_word' id='word_1_134' title='bbox 962 1909 1002 1952; x_wconf 79' lang='lat' dir='ltr'>int.</span> <span class='ocrx_word' id='word_1_135' title='bbox 1012 1911 1053 1954; x_wconf 69' lang='lat' dir='ltr'>Llor</span> <span class='ocrx_word' id='word_1_136' title='bbox 1067 1911 1121 1972; x_wconf 63' lang='lat' dir='ltr'>Jul-</span> 
     </span>
     <span class='ocr_line' id='line_1_18' title="bbox 70 1978 1122 2044; baseline 0.004 -20"><span class='ocrx_word' id='word_1_137' title='bbox 70 1978 146 2024; x_wconf 78' lang='lat' dir='ltr'>liceor.</span> <span class='ocrx_word' id='word_1_138' title='bbox 158 1984 233 2026; x_wconf 75' lang='lat' dir='ltr'>omum</span> <span class='ocrx_word' id='word_1_139' title='bbox 244 1983 321 2041; x_wconf 88' lang='lat' dir='ltr'>Sprnt.</span> <span class='ocrx_word' id='word_1_140' title='bbox 332 1996 344 2024; x_wconf 85' lang='lat' dir='ltr'>a</span> <span class='ocrx_word' id='word_1_141' title='bbox 357 1997 387 2025; x_wconf 90' lang='lat' dir='ltr'>m.</span> <span class='ocrx_word' id='word_1_142' title='bbox 400 1997 446 2026; x_wconf 82' lang='lat' dir='ltr'>sec.</span> <span class='ocrx_word' id='word_1_143' title='bbox 458 1993 481 2025; x_wconf 88' lang='lat' dir='ltr'>et</span> <span class='ocrx_word' id='word_1_144' title='bbox 493 1979 598 2025; x_wconf 81' lang='lat' dir='ltr'>Parrbas.</span> <span class='ocrx_word' id='word_1_145' title='bbox 606 2005 638 2015; x_wconf 91' lang='lat'><em>-</em></span> <span class='ocrx_word' id='word_1_146' title='bbox 646 1994 697 2040; x_wconf 72' lang='lat'>297.</span> <span class='ocrx_word' id='word_1_147' title='bbox 710 1980 806 2041; x_wconf 79' lang='lat' dir='ltr'>Jamque</span> <span class='ocrx_word' id='word_1_148' title='bbox 817 1982 859 2023; x_wconf 83' lang='lat' dir='ltr'>erit</span> <span class='ocrx_word' id='word_1_149' title='bbox 870 1995 905 2039; x_wconf 83' lang='lat' dir='ltr'>pr.</span> <span class='ocrx_word' id='word_1_150' title='bbox 919 1978 1002 2024; x_wconf 82' lang='lat' dir='ltr'>blorct.</span> <span class='ocrx_word' id='word_1_151' title='bbox 1018 1982 1122 2044; x_wconf 74' lang='lat' dir='ltr'>Namque</span> 
     </span>
     <span class='ocr_line' id='line_1_19' title="bbox 68 2044 1121 2111; baseline -0.001 -14"><span class='ocrx_word' id='word_1_152' title='bbox 68 2055 102 2097; x_wconf 80' lang='lat' dir='ltr'>nit</span> <span class='ocrx_word' id='word_1_153' title='bbox 113 2061 136 2097; x_wconf 85' lang='lat' dir='ltr'>et</span> <span class='ocrx_word' id='word_1_154' title='bbox 148 2062 171 2096; x_wconf 84' lang='lat' dir='ltr'>tu</span> <span class='ocrx_word' id='word_1_155' title='bbox 179 2053 277 2096; x_wconf 86' lang='lat' dir='ltr'>Oudart.</span> <span class='ocrx_word' id='word_1_156' title='bbox 287 2050 324 2096; x_wconf 72' lang='lat' dir='ltr'>itta</span> <span class='ocrx_word' id='word_1_157' title='bbox 332 2051 422 2097; x_wconf 83' lang='lat' dir='ltr'>Zuliclr.</span> <span class='ocrx_word' id='word_1_158' title='bbox 435 2077 466 2086; x_wconf 91' lang='lat'>·-</span> <span class='ocrx_word' id='word_1_159' title='bbox 479 2050 530 2111; x_wconf 78' lang='lat'>298.</span> <span class='ocrx_word' id='word_1_160' title='bbox 543 2054 639 2094; x_wconf 86' lang='lat' dir='ltr'>Tantum</span> <span class='ocrx_word' id='word_1_161' title='bbox 648 2048 813 2111; x_wconf 45' lang='lat' dir='ltr'>defueritllud.</span> <span class='ocrx_word' id='word_1_162' title='bbox 829 2063 866 2092; x_wconf 81' lang='lat' dir='ltr'>uec</span> <span class='ocrx_word' id='word_1_163' title='bbox 875 2065 899 2110; x_wconf 81' lang='lat' dir='ltr'>p.</span> <span class='ocrx_word' id='word_1_164' title='bbox 909 2044 980 2111; x_wconf 67' lang='lat' dir='ltr'>glorio</span> <span class='ocrx_word' id='word_1_165' title='bbox 991 2065 1025 2110; x_wconf 74' lang='lat' dir='ltr'>pr.</span> <span class='ocrx_word' id='word_1_166' title='bbox 1039 2051 1121 2096; x_wconf 83' lang='lat' dir='ltr'>llurub.</span> 
     </span>
     <span class='ocr_line' id='line_1_20' title="bbox 68 2118 1122 2185; baseline 0 -17"><span class='ocrx_word' id='word_1_167' title='bbox 68 2149 102 2160; x_wconf 90' lang='lat'>-</span> <span class='ocrx_word' id='word_1_168' title='bbox 112 2139 165 2184; x_wconf 81' lang='lat'><strong>299.</strong></span> <span class='ocrx_word' id='word_1_169' title='bbox 174 2125 269 2168; x_wconf 82' lang='lat' dir='ltr'>Factum</span> <span class='ocrx_word' id='word_1_170' title='bbox 278 2139 345 2168; x_wconf 81' lang='lat' dir='ltr'>casus</span> <span class='ocrx_word' id='word_1_171' title='bbox 352 2122 441 2184; x_wconf 82' lang='lat' dir='ltr'>aliquot</span> <span class='ocrx_word' id='word_1_172' title='bbox 450 2124 511 2167; x_wconf 89' lang='lat' dir='ltr'>Pier.</span> <span class='ocrx_word' id='word_1_173' title='bbox 520 2130 666 2185; x_wconf 79' lang='lat' dir='ltr'>sequunture</span> <span class='ocrx_word' id='word_1_174' title='bbox 675 2118 770 2165; x_wconf 78' lang='lat' dir='ltr'>lleutel.</span> <span class='ocrx_word' id='word_1_175' title='bbox 780 2132 880 2182; x_wconf 84' lang='lat' dir='ltr'>utroque</span> <span class='ocrx_word' id='word_1_176' title='bbox 893 2132 915 2164; x_wconf 86' lang='lat' dir='ltr'>ct</span> <span class='ocrx_word' id='word_1_177' title='bbox 928 2136 955 2164; x_wconf 81' lang='lat' dir='ltr'>cx</span> <span class='ocrx_word' id='word_1_178' title='bbox 968 2119 1056 2182; x_wconf 80' lang='lat' dir='ltr'>aliquot</span> <span class='ocrx_word' id='word_1_179' title='bbox 1069 2121 1122 2169; x_wconf 73' lang='lat' dir='ltr'>ullis</span> 
     </span>
     <span class='ocr_line' id='line_1_21' title="bbox 68 2190 1122 2256; baseline 0 -17"><span class='ocrx_word' id='word_1_180' title='bbox 68 2196 162 2254; x_wconf 87' lang='lat' dir='ltr'>recepit</span> <span class='ocrx_word' id='word_1_181' title='bbox 174 2195 294 2249; x_wconf 82' lang='lat' dir='ltr'>Heinsius,</span> <span class='ocrx_word' id='word_1_182' title='bbox 306 2193 395 2238; x_wconf 85' lang='lat' dir='ltr'>scilicet</span> <span class='ocrx_word' id='word_1_183' title='bbox 406 2206 522 2256; x_wconf 77' lang='lat' dir='ltr'>tamquam</span> <span class='ocrx_word' id='word_1_184' title='bbox 533 2195 604 2253; x_wconf 81' lang='lat' dir='ltr'>magis</span> <span class='ocrx_word' id='word_1_185' title='bbox 614 2190 774 2245; x_wconf 79' lang='lat' dir='ltr'>reconditum3</span> <span class='ocrx_word' id='word_1_186' title='bbox 787 2190 835 2235; x_wconf 90' lang='lat' dir='ltr'>duo</span> <span class='ocrx_word' id='word_1_187' title='bbox 846 2190 884 2235; x_wconf 82' lang='lat' dir='ltr'>alii</span> <span class='ocrx_word' id='word_1_188' title='bbox 895 2199 1029 2254; x_wconf 77' lang='lat' dir='ltr'>sequautur,</span> <span class='ocrx_word' id='word_1_189' title='bbox 1043 2190 1122 2253; x_wconf 77' lang='lat' dir='ltr'>plures</span> 
     </span>
    </p>
   </div>
   <div class='ocr_carea' id='block_1_4' title="bbox 67 2261 1123 2395">
    <p class='ocr_par' dir='ltr' id='par_1_4' title="bbox 67 2261 1123 2395">
     <span class='ocr_line' id='line_1_22' title="bbox 70 2261 1123 2328; baseline 0.001 -19"><span class='ocrx_word' id='word_1_190' title='bbox 70 2274 206 2328; x_wconf 81' lang='lat' dir='ltr'>sequentur,</span> <span class='ocrx_word' id='word_1_191' title='bbox 219 2267 289 2310; x_wconf 84' lang='lat' dir='ltr'>etiam</span> <span class='ocrx_word' id='word_1_192' title='bbox 301 2266 365 2326; x_wconf 81' lang='lat' dir='ltr'>apud</span> <span class='ocrx_word' id='word_1_193' title='bbox 376 2267 492 2319; x_wconf 78' lang='lat' dir='ltr'>Pieriam,</span> <span class='ocrx_word' id='word_1_194' title='bbox 504 2281 557 2309; x_wconf 88' lang='lat' dir='ltr'>cum</span> <span class='ocrx_word' id='word_1_195' title='bbox 568 2263 676 2309; x_wconf 74' lang='lat' dir='ltr'>bledireo</span> <span class='ocrx_word' id='word_1_196' title='bbox 689 2275 712 2308; x_wconf 84' lang='lat' dir='ltr'>et</span> <span class='ocrx_word' id='word_1_197' title='bbox 725 2264 840 2316; x_wconf 79' lang='lat' dir='ltr'>llomsuo,</span> <span class='ocrx_word' id='word_1_198' title='bbox 855 2261 919 2324; x_wconf 83' lang='lat' dir='ltr'>quod</span> <span class='ocrx_word' id='word_1_199' title='bbox 932 2263 1041 2325; x_wconf 81' lang='lat' dir='ltr'>cquirlrm</span> <span class='ocrx_word' id='word_1_200' title='bbox 1054 2265 1123 2311; x_wconf 83' lang='lat' dir='ltr'>tantis</span> 
     </span>
     <span class='ocr_line' id='line_1_23' title="bbox 67 2332 1122 2395; baseline 0.001 -17"><span class='ocrx_word' id='word_1_201' title='bbox 67 2334 248 2378; x_wconf 78' lang='lat' dir='ltr'>auctoritatibus</span> <span class='ocrx_word' id='word_1_202' title='bbox 260 2333 448 2395; x_wconf 83' lang='lat' dir='ltr'>amplectendum</span> <span class='ocrx_word' id='word_1_203' title='bbox 461 2349 554 2379; x_wconf 82' lang='lat' dir='ltr'>censeo.</span> <span class='ocrx_word' id='word_1_204' title='bbox 567 2332 645 2395; x_wconf 87' lang='lat' dir='ltr'>Vulgo</span> <span class='ocrx_word' id='word_1_205' title='bbox 657 2340 769 2395; x_wconf 77' lang='lat' dir='ltr'>sequetur.</span> <span class='ocrx_word' id='word_1_206' title='bbox 782 2333 943 2393; x_wconf 81' lang='lat' dir='ltr'>lntcrpuuctio</span> <span class='ocrx_word' id='word_1_207' title='bbox 960 2334 990 2376; x_wconf 83' lang='lat' dir='ltr'>lta</span> <span class='ocrx_word' id='word_1_208' title='bbox 1005 2333 1077 2386; x_wconf 84' lang='lat' dir='ltr'>furtu,</span> <span class='ocrx_word' id='word_1_209' title='bbox 1096 2345 1122 2379; x_wconf 89' lang='lat' dir='ltr'>ut</span> 
     </span>
    </p>
   </div>
   <div class='ocr_carea' id='block_1_5' title="bbox 67 2402 1123 2466">
    <p class='ocr_par' dir='ltr' id='par_1_5' title="bbox 67 2402 1123 2466">
     <span class='ocr_line' id='line_1_24' title="bbox 67 2402 1123 2466; baseline 0 -18"><span class='ocrx_word' id='word_1_210' title='bbox 67 2411 306 2466; x_wconf 76' lang='lat' dir='ltr'>casus-sequentur</span> <span class='ocrx_word' id='word_1_211' title='bbox 323 2404 353 2448; x_wconf 81' lang='lat' dir='ltr'>ad</span> <span class='ocrx_word' id='word_1_212' title='bbox 371 2420 435 2466; x_wconf 81' lang='lat' dir='ltr'>seqq.</span> <span class='ocrx_word' id='word_1_213' title='bbox 454 2404 599 2458; x_wconf 80' lang='lat' dir='ltr'>referantur,</span> <span class='ocrx_word' id='word_1_214' title='bbox 618 2418 666 2449; x_wconf 89' lang='lat' dir='ltr'>uon</span> <span class='ocrx_word' id='word_1_215' title='bbox 683 2403 713 2448; x_wconf 73' lang='lat' dir='ltr'>:ul</span> <span class='ocrx_word' id='word_1_216' title='bbox 725 2402 895 2448; x_wconf 81' lang='lat' dir='ltr'>antecedentia.</span> <span class='ocrx_word' id='word_1_217' title='bbox 907 2426 938 2438; x_wconf 92' lang='lat'>-—</span> <span class='ocrx_word' id='word_1_218' title='bbox 949 2402 1002 2448; x_wconf 80' lang='lat'>303.</span> <span class='ocrx_word' id='word_1_219' title='bbox 1022 2403 1078 2448; x_wconf 78' lang='lat' dir='ltr'>ttaec</span> <span class='ocrx_word' id='word_1_220' title='bbox 1090 2406 1123 2448; x_wconf 79' lang='lat' dir='ltr'>ait</span> 
     </span>
    </p>
   </div>
   <div class='ocr_carea' id='block_1_6' title="bbox 70 2473 486 2535">
    <p class='ocr_par' dir='ltr' id='par_1_6' title="bbox 70 2473 486 2535">
     <span class='ocr_line' id='line_1_25' title="bbox 70 2473 486 2535; baseline 0 -17"><span class='ocrx_word' id='word_1_221' title='bbox 70 2473 128 2518; x_wconf 80' lang='lat' dir='ltr'>edd.</span> <span class='ocrx_word' id='word_1_222' title='bbox 140 2473 205 2535; x_wconf 79' lang='lat' dir='ltr'>apud</span> <span class='ocrx_word' id='word_1_223' title='bbox 214 2475 291 2530; x_wconf 84' lang='lat' dir='ltr'>Pier.,</span> <span class='ocrx_word' id='word_1_224' title='bbox 304 2486 327 2519; x_wconf 86' lang='lat' dir='ltr'>ct</span> <span class='ocrx_word' id='word_1_225' title='bbox 338 2476 371 2519; x_wconf 83' lang='lat' dir='ltr'>ric</span> <span class='ocrx_word' id='word_1_226' title='bbox 381 2474 486 2519; x_wconf 77' lang='lat' dir='ltr'>Perrhae.</span> 
     </span>
    </p>
   </div>
   <div class='ocr_carea' id='block_1_7' title="bbox 68 2635 579 4139">
    <p class='ocr_par' dir='ltr' id='par_1_7' title="bbox 68 2635 579 4139">
     <span class='ocr_line' id='line_1_26' title="bbox 107 2635 570 2705; baseline -0.002 -19"><span class='ocrx_word' id='word_1_227' title='bbox 107 2635 167 2705; x_wconf 65' lang='lat'>294.</span> <span class='ocrx_word' id='word_1_228' title='bbox 181 2635 281 2698; x_wconf 85' lang='lat' dir='ltr'>Locus,</span> <span class='ocrx_word' id='word_1_229' title='bbox 295 2636 443 2686; x_wconf 82' lang='lat' dir='ltr'>suavissimi</span> <span class='ocrx_word' id='word_1_230' title='bbox 457 2637 570 2687; x_wconf 85' lang='lat' dir='ltr'>affectus</span> 
     </span>
     <span class='ocr_line' id='line_1_27' title="bbox 68 2715 572 2786; baseline 0.002 -20"><span class='ocrx_word' id='word_1_231' title='bbox 68 2715 176 2786; x_wconf 82' lang='lat' dir='ltr'>plenus,</span> <span class='ocrx_word' id='word_1_232' title='bbox 186 2717 213 2766; x_wconf 91' lang='lat' dir='ltr'>in</span> <span class='ocrx_word' id='word_1_233' title='bbox 221 2718 378 2767; x_wconf 89' lang='lat' dir='ltr'>senteutiam</span> <span class='ocrx_word' id='word_1_234' title='bbox 387 2716 483 2766; x_wconf 88' lang='lat' dir='ltr'>desiuit</span> <span class='ocrx_word' id='word_1_235' title='bbox 495 2734 525 2767; x_wconf 86' lang='lat' dir='ltr'>ex</span> <span class='ocrx_word' id='word_1_236' title='bbox 535 2717 572 2767; x_wconf 88' lang='lat' dir='ltr'>iu·</span> 
     </span>
     <span class='ocr_line' id='line_1_28' title="bbox 68 2794 570 2866; baseline -0.002 -21"><span class='ocrx_word' id='word_1_237' title='bbox 68 2796 142 2845; x_wconf 91' lang='lat' dir='ltr'>timis</span> <span class='ocrx_word' id='word_1_238' title='bbox 161 2794 242 2846; x_wconf 90' lang='lat' dir='ltr'>animi</span> <span class='ocrx_word' id='word_1_239' title='bbox 261 2795 408 2849; x_wconf 88' lang='lat' dir='ltr'>recessibus</span> <span class='ocrx_word' id='word_1_240' title='bbox 422 2796 570 2866; x_wconf 85' lang='lat' dir='ltr'>repetitam.</span> 
     </span>
     <span class='ocr_line' id='line_1_29' title="bbox 69 2872 572 2946; baseline 0 -21"><span class='ocrx_word' id='word_1_241' title='bbox 69 2873 244 2926; x_wconf 80' lang='lat' dir='ltr'>Conscientia</span> <span class='ocrx_word' id='word_1_242' title='bbox 267 2893 298 2925; x_wconf 89' lang='lat' dir='ltr'>ac</span> <span class='ocrx_word' id='word_1_243' title='bbox 322 2876 467 2946; x_wconf 80' lang='lat' dir='ltr'>cogitatio,</span> <span class='ocrx_word' id='word_1_244' title='bbox 489 2872 572 2926; x_wconf 88' lang='lat' dir='ltr'>adeo·</span> 
     </span>
     <span class='ocr_line' id='line_1_30' title="bbox 70 2954 573 3024; baseline 0.002 -21"><span class='ocrx_word' id='word_1_245' title='bbox 70 2971 124 3022; x_wconf 91' lang='lat' dir='ltr'>que</span> <span class='ocrx_word' id='word_1_246' title='bbox 137 2955 226 3024; x_wconf 82' lang='lat' dir='ltr'>imago</span> <span class='ocrx_word' id='word_1_247' title='bbox 240 2954 347 3024; x_wconf 88' lang='lat' dir='ltr'>pietatis</span> <span class='ocrx_word' id='word_1_248' title='bbox 359 2972 412 3004; x_wconf 70' lang='lat' dir='ltr'>suae</span> <span class='ocrx_word' id='word_1_249' title='bbox 428 2956 455 3004; x_wconf 93' lang='lat' dir='ltr'>in</span> <span class='ocrx_word' id='word_1_250' title='bbox 468 2965 573 3024; x_wconf 85' lang='lat' dir='ltr'>patrem</span> 
     </span>
     <span class='ocr_line' id='line_1_31' title="bbox 70 3034 573 3102; baseline -0.004 -19"><span class='ocrx_word' id='word_1_251' title='bbox 70 3034 200 3095; x_wconf 83' lang='lat' dir='ltr'>AEueam,</span> <span class='ocrx_word' id='word_1_252' title='bbox 224 3034 320 3083; x_wconf 89' lang='lat' dir='ltr'>acriter</span> <span class='ocrx_word' id='word_1_253' title='bbox 340 3034 436 3102; x_wconf 91' lang='lat' dir='ltr'>pungit</span> <span class='ocrx_word' id='word_1_254' title='bbox 456 3034 573 3082; x_wconf 86' lang='lat' dir='ltr'>animum</span> 
     </span>
     <span class='ocr_line' id='line_1_32' title="bbox 69 3111 574 3183; baseline -0.004 -20"><span class='ocrx_word' id='word_1_255' title='bbox 69 3112 197 3177; x_wconf 77' lang='lat' dir='ltr'>Ascanii,</span> <span class='ocrx_word' id='word_1_256' title='bbox 218 3111 338 3181; x_wconf 76' lang='lat' dir='ltr'>exemplo</span> <span class='ocrx_word' id='word_1_257' title='bbox 354 3113 461 3183; x_wconf 86' lang='lat' dir='ltr'>pietatis</span> <span class='ocrx_word' id='word_1_258' title='bbox 478 3114 504 3162; x_wconf 90' lang='lat' dir='ltr'>in</span> <span class='ocrx_word' id='word_1_259' title='bbox 520 3112 574 3162; x_wconf 90' lang='lat' dir='ltr'>Eu-</span> 
     </span>
     <span class='ocr_line' id='line_1_33' title="bbox 72 3184 573 3264; baseline -0.004 -20"><span class='ocrx_word' id='word_1_260' title='bbox 72 3193 147 3264; x_wconf 87' lang='lat' dir='ltr'>ryalo</span> <span class='ocrx_word' id='word_1_261' title='bbox 167 3212 230 3263; x_wconf 84' lang='lat' dir='ltr'>erga</span> <span class='ocrx_word' id='word_1_262' title='bbox 247 3204 358 3244; x_wconf 87' lang='lat' dir='ltr'>matrem</span> <span class='ocrx_word' id='word_1_263' title='bbox 374 3184 511 3263; x_wconf 83' lang='lat' dir='ltr'>percepto.</span> <span class='ocrx_word' id='word_1_264' title='bbox 531 3191 573 3242; x_wconf 89' lang='lat' dir='ltr'>Sic</span> 
     </span>
     <span class='ocr_line' id='line_1_34' title="bbox 70 3272 574 3342; baseline -0.004 -19"><span class='ocrx_word' id='word_1_265' title='bbox 70 3274 119 3324; x_wconf 87' lang='lat' dir='ltr'>inf.</span> <span class='ocrx_word' id='word_1_266' title='bbox 133 3274 172 3340; x_wconf 90' lang='lat' dir='ltr'>X,</span> <span class='ocrx_word' id='word_1_267' title='bbox 187 3273 240 3339; x_wconf 69' lang='lat'>824</span> <span class='ocrx_word' id='word_1_268' title='bbox 252 3272 338 3323; x_wconf 83' lang='lat' dir='ltr'>Lauso</span> <span class='ocrx_word' id='word_1_269' title='bbox 354 3290 431 3338; x_wconf 87' lang='lat' dir='ltr'>eaeso,</span> <span class='ocrx_word' id='word_1_270' title='bbox 443 3273 574 3342; x_wconf 84' lang='lat' dir='ltr'>Ingemuit</span> 
     </span>
     <span class='ocr_line' id='line_1_35' title="bbox 72 3351 575 3421; baseline -0.006 -18"><span class='ocrx_word' id='word_1_271' title='bbox 72 3353 185 3420; x_wconf 76' lang='lat' dir='ltr'>AEueas,</span> <span class='ocrx_word' id='word_1_272' title='bbox 198 3353 235 3402; x_wconf 86' lang='lat' dir='ltr'>Et</span> <span class='ocrx_word' id='word_1_273' title='bbox 243 3362 356 3403; x_wconf 82' lang='lat' dir='ltr'>mentem</span> <span class='ocrx_word' id='word_1_274' title='bbox 366 3351 460 3421; x_wconf 79' lang='lat' dir='ltr'>potriae</span> <span class='ocrx_word' id='word_1_275' title='bbox 469 3351 575 3402; x_wconf 82' lang='lat' dir='ltr'>strinxit</span> 
     </span>
     <span class='ocr_line' id='line_1_36' title="bbox 71 3430 572 3502; baseline -0.002 -20"><span class='ocrx_word' id='word_1_276' title='bbox 71 3432 178 3502; x_wconf 78' lang='lat' dir='ltr'>pietatis</span> <span class='ocrx_word' id='word_1_277' title='bbox 201 3431 307 3502; x_wconf 71' lang='lat' dir='ltr'>imago,</span> <span class='ocrx_word' id='word_1_278' title='bbox 326 3430 353 3484; x_wconf 91' lang='lat' dir='ltr'>h.</span> <span class='ocrx_word' id='word_1_279' title='bbox 374 3431 523 3482; x_wconf 79' lang='lat' dir='ltr'>recordatio</span> <span class='ocrx_word' id='word_1_280' title='bbox 542 3448 572 3481; x_wconf 82' lang='lat' dir='ltr'>oc</span> 
     </span>
     <span class='ocr_line' id='line_1_37' title="bbox 73 3511 573 3575; baseline -0.006 -12"><span class='ocrx_word' id='word_1_281' title='bbox 73 3513 204 3563; x_wconf 86' lang='lat' dir='ltr'>memoria</span> <span class='ocrx_word' id='word_1_282' title='bbox 214 3513 311 3563; x_wconf 87' lang='lat' dir='ltr'>amoris</span> <span class='ocrx_word' id='word_1_283' title='bbox 322 3513 363 3562; x_wconf 90' lang='lat' dir='ltr'>sui</span> <span class='ocrx_word' id='word_1_284' title='bbox 375 3513 402 3562; x_wconf 91' lang='lat' dir='ltr'>in</span> <span class='ocrx_word' id='word_1_285' title='bbox 414 3511 573 3575; x_wconf 85' lang='lat' dir='ltr'>Ascanium,</span> 
     </span>
     <span class='ocr_line' id='line_1_38' title="bbox 74 3590 573 3663; baseline -0.006 -19"><span class='ocrx_word' id='word_1_286' title='bbox 74 3606 100 3644; x_wconf 89' lang='lat' dir='ltr'>et</span> <span class='ocrx_word' id='word_1_287' title='bbox 114 3605 251 3663; x_wconf 81' lang='lat' dir='ltr'>‚quantum</span> <span class='ocrx_word' id='word_1_288' title='bbox 272 3610 303 3642; x_wconf 83' lang='lat' dir='ltr'>ex</span> <span class='ocrx_word' id='word_1_289' title='bbox 321 3590 401 3642; x_wconf 88' lang='lat' dir='ltr'>simili</span> <span class='ocrx_word' id='word_1_290' title='bbox 422 3590 573 3641; x_wconf 81' lang='lat' dir='ltr'>calamitate</span> 
     </span>
     <span class='ocr_line' id='line_1_39' title="bbox 74 3671 574 3743; baseline -0.008 -19"><span class='ocrx_word' id='word_1_291' title='bbox 74 3672 240 3743; x_wconf 88' lang='lat' dir='ltr'>luctumipse</span> <span class='ocrx_word' id='word_1_292' title='bbox 248 3685 316 3724; x_wconf 92' lang='lat' dir='ltr'>esset</span> <span class='ocrx_word' id='word_1_293' title='bbox 325 3671 574 3740; x_wconf 85' lang='lat' dir='ltr'>suscepturus.Erat</span> 
     </span>
     <span class='ocr_line' id='line_1_40' title="bbox 75 3751 575 3825; baseline -0.008 -21"><span class='ocrx_word' id='word_1_294' title='bbox 75 3755 153 3824; x_wconf 85' lang='lat' dir='ltr'>igitur</span> <span class='ocrx_word' id='word_1_295' title='bbox 166 3755 254 3825; x_wconf 66' lang='lat' dir='ltr'>imago</span> <span class='ocrx_word' id='word_1_296' title='bbox 264 3752 358 3823; x_wconf 77' lang='lat' dir='ltr'>petrice</span> <span class='ocrx_word' id='word_1_297' title='bbox 368 3751 473 3822; x_wconf 79' lang='lat' dir='ltr'>pietatis</span> <span class='ocrx_word' id='word_1_298' title='bbox 484 3751 511 3800; x_wconf 92' lang='lat' dir='ltr'>in</span> <span class='ocrx_word' id='word_1_299' title='bbox 528 3751 575 3800; x_wconf 86' lang='lat' dir='ltr'>As-</span> 
     </span>
     <span class='ocr_line' id='line_1_41' title="bbox 77 3830 574 3886; baseline -0.006 -3"><span class='ocrx_word' id='word_1_300' title='bbox 77 3836 144 3886; x_wconf 86' lang='lat' dir='ltr'>canii</span> <span class='ocrx_word' id='word_1_301' title='bbox 160 3846 259 3885; x_wconf 85' lang='lat' dir='ltr'>mente.</span> <span class='ocrx_word' id='word_1_302' title='bbox 276 3833 409 3883; x_wconf 85' lang='lat' dir='ltr'>Hactenus</span> <span class='ocrx_word' id='word_1_303' title='bbox 427 3830 459 3882; x_wconf 93' lang='lat' dir='ltr'>de</span> <span class='ocrx_word' id='word_1_304' title='bbox 478 3830 574 3881; x_wconf 83' lang='lat' dir='ltr'>verbis.</span> 
     </span>
     <span class='ocr_line' id='line_1_42' title="bbox 77 3909 578 3981; baseline -0.008 -18"><span class='ocrx_word' id='word_1_305' title='bbox 77 3909 237 3965; x_wconf 83' lang='lat' dir='ltr'>Sententiam</span> <span class='ocrx_word' id='word_1_306' title='bbox 254 3914 339 3981; x_wconf 88' lang='lat' dir='ltr'>ipsam</span> <span class='ocrx_word' id='word_1_307' title='bbox 355 3911 523 3980; x_wconf 85' lang='lat' dir='ltr'>quantumvis</span> <span class='ocrx_word' id='word_1_308' title='bbox 536 3929 578 3960; x_wconf 87' lang='lat' dir='ltr'>re-</span> 
     </span>
     <span class='ocr_line' id='line_1_43' title="bbox 79 3989 579 4060; baseline -0.004 -18"><span class='ocrx_word' id='word_1_309' title='bbox 79 3991 211 4043; x_wconf 83' lang='lat' dir='ltr'>conditam</span> <span class='ocrx_word' id='word_1_310' title='bbox 221 3994 277 4060; x_wconf 86' lang='lat' dir='ltr'>jam</span> <span class='ocrx_word' id='word_1_311' title='bbox 288 3992 315 4039; x_wconf 91' lang='lat' dir='ltr'>in</span> <span class='ocrx_word' id='word_1_312' title='bbox 326 3992 442 4041; x_wconf 88' lang='lat' dir='ltr'>Homero</span> <span class='ocrx_word' id='word_1_313' title='bbox 453 3989 579 4040; x_wconf 86' lang='lat' dir='ltr'>observo-</span> 
     </span>
     <span class='ocr_line' id='line_1_44' title="bbox 76 4069 577 4139; baseline -0.02 -11"><span class='ocrx_word' id='word_1_314' title='bbox 76 4087 142 4139; x_wconf 71' lang='lat' dir='ltr'>Jssm,</span> <span class='ocrx_word' id='word_1_315' title='bbox 150 4070 227 4125; x_wconf 79' lang='lat' dir='ltr'>Iliad.</span> <span class='ocrx_word' id='word_1_316' title='bbox 236 4093 259 4133; x_wconf 76' lang='lat' dir='ltr'>r,</span> <span class='ocrx_word' id='word_1_317' title='bbox 269 4071 330 4123; x_wconf 80' lang='lat'>301.</span> <span class='ocrx_word' id='word_1_318' title='bbox 342 4071 370 4126; x_wconf 79' lang='lat' dir='ltr'>ri’r</span> <span class='ocrx_word' id='word_1_319' title='bbox 381 4070 455 4137; x_wconf 68' lang='lat' dir='ltr'>iquos</span> <span class='ocrx_word' id='word_1_320' title='bbox 465 4069 577 4120; x_wconf 54' lang='grc' dir='ltr'>κλύοιμί·</span> 
     </span>
    </p>
   </div>
   <div class='ocr_carea' id='block_1_8' title="bbox 620 2624 1164 4134">
    <p class='ocr_par' dir='ltr' id='par_1_8' title="bbox 620 2624 1122 2863">
     <span class='ocr_line' id='line_1_45' title="bbox 621 2624 1122 2697; baseline -0.002 -14"><span class='ocrx_word' id='word_1_321' title='bbox 621 2631 659 2684; x_wconf 71' lang='grc' dir='ltr'>ἰπὶ</span> <span class='ocrx_word' id='word_1_322' title='bbox 672 2629 696 2684; x_wconf 67' lang='lat' dir='ltr'>ll</span> <span class='ocrx_word' id='word_1_323' title='bbox 707 2627 844 2697; x_wconf 63' lang='lat' dir='ltr'>corrigerer</span> <span class='ocrx_word' id='word_1_324' title='bbox 855 2629 977 2697; x_wconf 65' lang='lat' dir='ltr'>queiutr,</span> <span class='ocrx_word' id='word_1_325' title='bbox 991 2624 1122 2696; x_wconf 67' lang='grc' dir='ltr'><strong>Πέτροκλοι</strong></span> 
     </span>
     <span class='ocr_line' id='line_1_46' title="bbox 620 2706 1121 2781; baseline 0.002 -17"><span class='ocrx_word' id='word_1_326' title='bbox 620 2711 749 2781; x_wconf 69' lang='grc' dir='ltr'>πρόφασιν,</span> <span class='ocrx_word' id='word_1_327' title='bbox 759 2715 821 2777; x_wconf 68' lang='lat' dir='ltr'>corii</span> <span class='ocrx_word' id='word_1_328' title='bbox 831 2711 855 2761; x_wconf 68' lang='grc' dir='ltr'>δ’</span> <span class='ocrx_word' id='word_1_329' title='bbox 868 2712 944 2762; x_wconf 64' lang='grc' dir='ltr'><strong><em>αὐτῶν</em></strong></span> <span class='ocrx_word' id='word_1_330' title='bbox 956 2706 1015 2760; x_wconf 67' lang='lat' dir='ltr'>altr·</span> <span class='ocrx_word' id='word_1_331' title='bbox 1026 2708 1121 2764; x_wconf 61' lang='lat' dir='ltr'>irione.</span> 
     </span>
     <span class='ocr_line' id='line_1_47' title="bbox 620 2790 1121 2863; baseline -0.01 -16"><span class='ocrx_word' id='word_1_332' title='bbox 620 2795 811 2863; x_wconf 83' lang='lat' dir='ltr'>Similiter339.</span> <span class='ocrx_word' id='word_1_333' title='bbox 819 2791 985 2863; x_wconf 67' lang='lat' dir='ltr'>cf.0dyss.t,</span> <span class='ocrx_word' id='word_1_334' title='bbox 998 2790 1053 2843; x_wconf 75' lang='lat'>113.</span> <span class='ocrx_word' id='word_1_335' title='bbox 1065 2808 1072 2841; x_wconf 86' lang='grc' dir='ltr'>ι</span> <span class='ocrx_word' id='word_1_336' title='bbox 1083 2791 1121 2858; x_wconf 82' lang='lat' dir='ltr'>¹¹l·</span> 
     </span>
    </p>

    <p class='ocr_par' dir='ltr' id='par_1_9' title="bbox 620 2868 1124 3422">
     <span class='ocr_line' id='line_1_48' title="bbox 658 2868 1123 2943; baseline -0.009 -19"><span class='ocrx_word' id='word_1_337' title='bbox 658 2875 717 2943; x_wconf 78' lang='lat'><strong>298.</strong></span> <span class='ocrx_word' id='word_1_338' title='bbox 742 2891 788 2923; x_wconf 85' lang='lat' dir='ltr'>nec</span> <span class='ocrx_word' id='word_1_339' title='bbox 809 2881 916 2943; x_wconf 77' lang='lat' dir='ltr'>partum</span> <span class='ocrx_word' id='word_1_340' title='bbox 937 2868 1015 2920; x_wconf 77' lang='lat' dir='ltr'>lolem</span> <span class='ocrx_word' id='word_1_341' title='bbox 1035 2870 1123 2941; x_wconf 72' lang='lat' dir='ltr'>gratio</span> 
     </span>
     <span class='ocr_line' id='line_1_49' title="bbox 620 2949 1122 3023; baseline -0.008 -21"><span class='ocrx_word' id='word_1_342' title='bbox 620 2970 703 3023; x_wconf 83' lang='lat' dir='ltr'>parvo</span> <span class='ocrx_word' id='word_1_343' title='bbox 718 2961 822 3011; x_wconf 84' lang='lat' dir='ltr'>manet;</span> <span class='ocrx_word' id='word_1_344' title='bbox 840 2962 865 3001; x_wconf 88' lang='lat' dir='ltr'>et</span> <span class='ocrx_word' id='word_1_345' title='bbox 879 2951 929 3020; x_wconf 84' lang='lat' dir='ltr'>ipsi</span> <span class='ocrx_word' id='word_1_346' title='bbox 945 2949 1082 3019; x_wconf 83' lang='lat' dir='ltr'>imputabo</span> <span class='ocrx_word' id='word_1_347' title='bbox 1096 2949 1122 2999; x_wconf 90' lang='lat' dir='ltr'>iu</span> 
     </span>
     <span class='ocr_line' id='line_1_50' title="bbox 622 3026 1124 3101; baseline -0.006 -18"><span class='ocrx_word' id='word_1_348' title='bbox 622 3032 781 3084; x_wconf 88' lang='lat' dir='ltr'>benelicium</span> <span class='ocrx_word' id='word_1_349' title='bbox 801 3044 939 3101; x_wconf 83' lang='lat' dir='ltr'>acceptum</span> <span class='ocrx_word' id='word_1_350' title='bbox 959 3030 1027 3095; x_wconf 82' lang='lat' dir='ltr'>hoc,</span> <span class='ocrx_word' id='word_1_351' title='bbox 1051 3026 1124 3098; x_wconf 84' lang='lat' dir='ltr'>quod</span> 
     </span>
     <span class='ocr_line' id='line_1_51' title="bbox 623 3110 1124 3182; baseline -0.006 -21"><span class='ocrx_word' id='word_1_352' title='bbox 623 3110 702 3164; x_wconf 85' lang='lat' dir='ltr'>talem</span> <span class='ocrx_word' id='word_1_353' title='bbox 710 3111 791 3163; x_wconf 84' lang='lat' dir='ltr'>lilium</span> <span class='ocrx_word' id='word_1_354' title='bbox 801 3112 914 3182; x_wconf 80' lang='lat' dir='ltr'>peperit.</span> <span class='ocrx_word' id='word_1_355' title='bbox 924 3111 1041 3161; x_wconf 86' lang='lat' dir='ltr'>Meretur</span> <span class='ocrx_word' id='word_1_356' title='bbox 1052 3127 1124 3179; x_wconf 83' lang='lat' dir='ltr'>mug-</span> 
     </span>
     <span class='ocr_line' id='line_1_52' title="bbox 622 3189 1123 3264; baseline -0.006 -20"><span class='ocrx_word' id='word_1_357' title='bbox 622 3211 683 3244; x_wconf 86' lang='lat' dir='ltr'>nam</span> <span class='ocrx_word' id='word_1_358' title='bbox 696 3195 824 3264; x_wconf 78' lang='lat' dir='ltr'>gratiam,</span> <span class='ocrx_word' id='word_1_359' title='bbox 838 3210 895 3262; x_wconf 82' lang='lat' dir='ltr'>quse</span> <span class='ocrx_word' id='word_1_360' title='bbox 906 3204 930 3243; x_wconf 90' lang='lat' dir='ltr'>te</span> <span class='ocrx_word' id='word_1_361' title='bbox 941 3192 1033 3260; x_wconf 86' lang='lat' dir='ltr'>genuit</span> <span class='ocrx_word' id='word_1_362' title='bbox 1047 3211 1052 3240; x_wconf 92' lang='lat'>:</span> <span class='ocrx_word' id='word_1_363' title='bbox 1066 3189 1123 3254; x_wconf 85' lang='lat' dir='ltr'>vel,</span> 
     </span>
     <span class='ocr_line' id='line_1_53' title="bbox 622 3268 1123 3334; baseline -0.006 -11"><span class='ocrx_word' id='word_1_364' title='bbox 622 3285 651 3324; x_wconf 90' lang='lat' dir='ltr'>ut</span> <span class='ocrx_word' id='word_1_365' title='bbox 663 3272 735 3323; x_wconf 89' lang='lat' dir='ltr'>Serv.</span> <span class='ocrx_word' id='word_1_366' title='bbox 752 3271 852 3323; x_wconf 74' lang='lat' dir='ltr'>udebct</span> <span class='ocrx_word' id='word_1_367' title='bbox 866 3270 899 3322; x_wconf 81' lang='lat' dir='ltr'>ab</span> <span class='ocrx_word' id='word_1_368' title='bbox 914 3270 1037 3320; x_wconf 80' lang='lat' dir='ltr'>ornuibus</span> <span class='ocrx_word' id='word_1_369' title='bbox 1056 3268 1123 3334; x_wconf 81' lang='lat' dir='ltr'>coli,</span> 
     </span>
     <span class='ocr_line' id='line_1_54' title="bbox 623 3349 915 3422; baseline -0.024 -21"><span class='ocrx_word' id='word_1_370' title='bbox 623 3369 681 3422; x_wconf 76' lang='lat' dir='ltr'>quas</span> <span class='ocrx_word' id='word_1_371' title='bbox 695 3350 774 3403; x_wconf 85' lang='lat' dir='ltr'>talem</span> <span class='ocrx_word' id='word_1_372' title='bbox 786 3349 894 3401; x_wconf 75' lang='lat' dir='ltr'>creavit.</span> <span class='ocrx_word' id='word_1_373' title='bbox 905 3372 915 3395; x_wconf 76' lang='lat' dir='ltr'>n</span> 
     </span>
    </p>

    <p class='ocr_par' dir='ltr' id='par_1_10' title="bbox 623 3426 1164 4134">
     <span class='ocr_line' id='line_1_55' title="bbox 659 3426 1123 3499; baseline -0.015 -15"><span class='ocrx_word' id='word_1_374' title='bbox 659 3430 710 3484; x_wconf 84' lang='lat'>303</span> <span class='ocrx_word' id='word_1_375' title='bbox 727 3448 786 3499; x_wconf 85' lang='lat' dir='ltr'>sqq.</span> <span class='ocrx_word' id='word_1_376' title='bbox 805 3431 865 3480; x_wconf 82' lang='lat' dir='ltr'>llmc</span> <span class='ocrx_word' id='word_1_377' title='bbox 883 3446 913 3479; x_wconf 85' lang='lat' dir='ltr'>cx</span> <span class='ocrx_word' id='word_1_378' title='bbox 930 3426 1043 3477; x_wconf 81' lang='lat' dir='ltr'>licroiern</span> <span class='ocrx_word' id='word_1_379' title='bbox 1064 3427 1123 3477; x_wconf 79' lang='lat' dir='ltr'>vitto</span> 
     </span>
     <span class='ocr_line' id='line_1_56' title="bbox 623 3506 1126 3574; baseline -0.012 -14"><span class='ocrx_word' id='word_1_380' title='bbox 623 3528 696 3561; x_wconf 82' lang='lat' dir='ltr'>moro</span> <span class='ocrx_word' id='word_1_381' title='bbox 707 3506 880 3569; x_wconf 81' lang='lat' dir='ltr'>illustrando,</span> <span class='ocrx_word' id='word_1_382' title='bbox 892 3524 945 3574; x_wconf 87' lang='lat' dir='ltr'>quo</span> <span class='ocrx_word' id='word_1_383' title='bbox 958 3506 1074 3574; x_wconf 75' lang='lat' dir='ltr'>propriis</span> <span class='ocrx_word' id='word_1_384' title='bbox 1086 3523 1126 3555; x_wconf 87' lang='lat' dir='ltr'>ur·</span> 
     </span>
     <span class='ocr_line' id='line_1_57' title="bbox 623 3585 1126 3639; baseline -0.01 0"><span class='ocrx_word' id='word_1_385' title='bbox 623 3592 672 3639; x_wconf 86' lang='lat' dir='ltr'>mis</span> <span class='ocrx_word' id='word_1_386' title='bbox 687 3590 767 3638; x_wconf 87' lang='lat' dir='ltr'>alium</span> <span class='ocrx_word' id='word_1_387' title='bbox 784 3590 914 3637; x_wconf 78' lang='lat' dir='ltr'>iustruere</span> <span class='ocrx_word' id='word_1_388' title='bbox 931 3585 1025 3634; x_wconf 86' lang='lat' dir='ltr'>summi</span> <span class='ocrx_word' id='word_1_389' title='bbox 1041 3586 1126 3635; x_wconf 80' lang='lat' dir='ltr'>aflec-</span> 
     </span>
     <span class='ocr_line' id='line_1_58' title="bbox 623 3663 1124 3738; baseline -0.004 -19"><span class='ocrx_word' id='word_1_390' title='bbox 623 3682 665 3719; x_wconf 88' lang='lat' dir='ltr'>tus</span> <span class='ocrx_word' id='word_1_391' title='bbox 679 3670 774 3738; x_wconf 84' lang='lat' dir='ltr'>piguus</span> <span class='ocrx_word' id='word_1_392' title='bbox 787 3678 857 3731; x_wconf 85' lang='lat' dir='ltr'>erat,</span> <span class='ocrx_word' id='word_1_393' title='bbox 868 3665 938 3715; x_wconf 75' lang='lat' dir='ltr'>troni.</span> <span class='ocrx_word' id='word_1_394' title='bbox 949 3663 1022 3714; x_wconf 84' lang='lat' dir='ltr'>lliutl.</span> <span class='ocrx_word' id='word_1_395' title='bbox 1035 3685 1061 3724; x_wconf 81' lang='grc' dir='ltr'>κ,</span> <span class='ocrx_word' id='word_1_396' title='bbox 1074 3664 1124 3717; x_wconf 70' lang='lat'>255</span> 
     </span>
     <span class='ocr_line' id='line_1_59' title="bbox 624 3742 1126 3816; baseline -0.008 -18"><span class='ocrx_word' id='word_1_397' title='bbox 624 3765 697 3816; x_wconf 82' lang='lat' dir='ltr'>sqq,</span> <span class='ocrx_word' id='word_1_398' title='bbox 716 3744 786 3796; x_wconf 85' lang='lat' dir='ltr'>unde</span> <span class='ocrx_word' id='word_1_399' title='bbox 800 3744 843 3795; x_wconf 87' lang='lat' dir='ltr'>lric</span> <span class='ocrx_word' id='word_1_400' title='bbox 861 3744 934 3794; x_wconf 80' lang='lat' dir='ltr'>locus</span> <span class='ocrx_word' id='word_1_401' title='bbox 952 3742 1126 3796; x_wconf 79' lang='lat' dir='ltr'>adumbratus</span> 
     </span>
     <span class='ocr_line' id='line_1_60' title="bbox 626 3824 1125 3878; baseline -0.004 0"><span class='ocrx_word' id='word_1_402' title='bbox 626 3839 680 3878; x_wconf 82' lang='lat' dir='ltr'>est:</span> <span class='ocrx_word' id='word_1_403' title='bbox 693 3838 722 3876; x_wconf 90' lang='lat' dir='ltr'>ut</span> <span class='ocrx_word' id='word_1_404' title='bbox 734 3824 800 3876; x_wconf 82' lang='lat' dir='ltr'>alios</span> <span class='ocrx_word' id='word_1_405' title='bbox 811 3824 872 3875; x_wconf 70' lang='lat' dir='ltr'>fidat</span> <span class='ocrx_word' id='word_1_406' title='bbox 882 3836 908 3875; x_wconf 87' lang='lat' dir='ltr'>et</span> <span class='ocrx_word' id='word_1_407' title='bbox 919 3824 1014 3874; x_wconf 72' lang='lat' dir='ltr'>nuituis</span> <span class='ocrx_word' id='word_1_408' title='bbox 1026 3836 1125 3875; x_wconf 80' lang='lat' dir='ltr'>tessera</span> 
     </span>
     <span class='ocr_line' id='line_1_61' title="bbox 626 3903 1164 3976; baseline -0.009 -18"><span class='ocrx_word' id='word_1_409' title='bbox 626 3921 675 3970; x_wconf 84' lang='lat' dir='ltr'>est,</span> <span class='ocrx_word' id='word_1_410' title='bbox 685 3924 758 3957; x_wconf 83' lang='lat' dir='ltr'>arma</span> <span class='ocrx_word' id='word_1_411' title='bbox 771 3917 930 3976; x_wconf 78' lang='lat' dir='ltr'>portantum.</span> <span class='ocrx_word' id='word_1_412' title='bbox 942 3903 1067 3973; x_wconf 79' lang='lat' dir='ltr'>Exemplo</span> <span class='ocrx_word' id='word_1_413' title='bbox 1080 3903 1126 3956; x_wconf 72' lang='lat' dir='ltr'>«lut</span> <span class='ocrx_word' id='word_1_414' title='bbox 1161 3968 1164 3972; x_wconf 14' lang='lat'><strong>⁴</strong></span> 
     </span>
     <span class='ocr_line' id='line_1_62' title="bbox 627 3984 1127 4040; baseline -0.016 1"><span class='ocrx_word' id='word_1_415' title='bbox 627 3987 722 4040; x_wconf 80' lang='lat' dir='ltr'>Corda.</span> <span class='ocrx_word' id='word_1_416' title='bbox 732 3988 807 4037; x_wconf 78' lang='lat' dir='ltr'>Ensis</span> <span class='ocrx_word' id='word_1_417' title='bbox 816 3984 1016 4037; x_wconf 78' lang='lat' dir='ltr'>commendatus</span> <span class='ocrx_word' id='word_1_418' title='bbox 1027 3984 1060 4034; x_wconf 78' lang='lat' dir='ltr'>alr</span> <span class='ocrx_word' id='word_1_419' title='bbox 1070 3996 1127 4035; x_wconf 85' lang='lat' dir='ltr'>orte</span> 
     </span>
     <span class='ocr_line' id='line_1_63' title="bbox 628 4062 1126 4134; baseline -0.012 -15"><span class='ocrx_word' id='word_1_420' title='bbox 628 4067 760 4120; x_wconf 79' lang='lat' dir='ltr'>Cretensis</span> <span class='ocrx_word' id='word_1_421' title='bbox 768 4066 883 4118; x_wconf 81' lang='lat' dir='ltr'>hominis</span> <span class='ocrx_word' id='word_1_422' title='bbox 893 4086 898 4115; x_wconf 78' lang='lat' dir='ltr'>r</span> <span class='ocrx_word' id='word_1_423' title='bbox 909 4062 1081 4134; x_wconf 78' lang='lat' dir='ltr'>expectabam</span> <span class='ocrx_word' id='word_1_424' title='bbox 1092 4062 1126 4114; x_wconf 80' lang='lat' dir='ltr'>ab</span> 
     </span>
    </p>
   </div>
   <div class='ocr_carea' id='block_1_9' title="bbox 0 0 1371 4822">
    <p class='ocr_par' dir='ltr' id='par_1_11' title="bbox 0 0 1371 4822">
     <span class='ocr_line' id='line_1_64' title="bbox 0 0 1371 4822; baseline 0 0"><span class='ocrx_word' id='word_1_425' title='bbox 0 0 1371 4822; x_wconf 95' lang='lat' dir='ltr'> </span> 
     </span>
    </p>
   </div>
  </div>
 </body>
</html>
