2700 4822
182 445 221 490 10
424 424 459 484 P.
483 419 715 484 VIRGILII
739 419 971 490 MARONIS

175 548 300 612 Dicite:
313 546 418 635 prisca
431 545 514 610 fides
527 546 628 625 facto,
642 544 701 609 sed
713 546 799 609 fama
811 549 977 633 perennis.

219 655 385 740 Tempore
397 674 465 741 quo
477 652 621 739 primum
633 650 772 740 Phrygia
784 652 946 717 formabat
957 654 991 717 in
1003 654 1062 719 Ida
1190 670 1223 718 tto

174 761 291 823 AEneas
303 758 454 836 classem,
470 774 503 821 et
514 757 621 845 pelagi
634 774 748 844 petere
759 757 822 822 alta
835 758 983 846 parabat,

174 867 249 952 Ipsa
262 862 362 927 deum
374 864 478 927 fertur
490 864 638 951 genetrix
650 864 841 953 Berecyntia
852 887 1009 952 magnum

172 969 318 1034 Vocibus
331 967 381 1033 his
393 967 502 1032 adfata
514 970 650 1032 lovem:
669 997 681 1027 ιι
695 970 759 1046 Da,
774 982 864 1047 nate,
879 969 1019 1056 petenti,

171 1073 271 1156 Quod
283 1092 338 1140 tua
351 1096 424 1140 cara
436 1097 555 1163 parens
567 1073 693 1138 domito
706 1090 738 1138 te
750 1075 857 1162 poscit
868 1075 1021 1164 Olympo.

173 1249 227 1278 cum
245 1233 315 1279 Goth.
334 1249 380 1280 sec.
399 1236 440 1298 qui
454 1233 513 1279 Ven.
534 1229 616 1278 detulit
627 1232 719 1295 Menag.
732 1249 767 1295 pr.
779 1258 811 1269 --
823 1248 859 1295 79.
873 1232 958 1278 Dr'scite
972 1231 1061 1294 aliquot
1073 1232 1152 1277 Burm.
1165 1249 1220 1280 cum

172 1303 242 1348 Goth.
255 1316 320 1360 tert,
337 1304 439 1350 indocte.
450 1302 666 1366 prt’scofidesfucta
677 1313 712 1349 est
721 1312 745 1349 et
749 1303 773 1365 f
785 1320 808 1365 p.
823 1306 886 1366 conj.
896 1301 1016 1348 Wuddelii
1027 1302 1148 1348 Animadv.
1160 1304 1219 1349 Crit.

171 1389 196 1435 p.
212 1389 252 1436 27,
265 1375 337 1437 idque
349 1377 438 1437 recepit
447 1374 615 1436 Cuningham.,
627 1374 668 1420 sed
679 1374 727 1419 vid.
740 1376 793 1420 Not.
799 1374 865 1437 facto
876 1376 906 1418 sit
916 1375 981 1418 Rom.
995 1390 1021 1418 ex
1033 1382 1073 1417 set
1089 1398 1118 1407 -
1131 1371 1167 1418 82.
1178 1389 1222 1438 qe-

170 1446 246 1487 newis
250 1445 329 1508 fertur
340 1446 405 1490 Rom.
412 1479 420 1500 ,
435 1457 458 1490 et
469 1446 501 1490 sic
511 1444 581 1489 Goth.
591 1461 626 1506 pr.
638 1471 670 1481 --
682 1443 719 1490 83.
734 1445 783 1500 Do,
798 1461 821 1488 n.
833 1446 923 1507 parenti
931 1441 1001 1488 Goth.
1014 1455 1065 1488 tert.
1079 1452 1146 1506 qtmte
1157 1460 1219 1490 unus

170 1512 263 1576 Menag.
277 1514 316 1560 alt.
328 1541 360 1551 -
371 1515 408 1573 84.
418 1518 468 1579 jum
477 1518 550 1578 poscit
560 1516 621 1560 Ven.
633 1517 727 1562 domitor
740 1524 760 1562 te
770 1532 793 1578 p.
806 1515 898 1578 Olympi
909 1513 1017 1560 Waddel.
1028 1513 1098 1569 ibid,
1110 1516 1218 1576 ingenio·

171 1653 671 1722 quumveteresdeAEneaeadvcntufa-

170 1731 248 1784 bulas
266 1752 316 1802 pro
337 1736 445 1805 gemmis
465 1747 491 1787 et
507 1733 618 1786 stellulis
633 1735 671 1785 in-

169 1824 259 1864 texere
271 1814 329 1866 telae
342 1832 394 1866 suae
406 1814 487 1866 semel
499 1817 669 1883 suscepisset.

169 1891 226 1943 Nec
237 1891 263 1943 id
276 1895 365 1946 facere
382 1908 522 1946 cunctatus
537 1907 577 1946 est
588 1891 667 1945 Ouid.

168 1971 232 2022 Met.
251 1972 318 2044 XIV.
337 1975 482 2025 Instructus
500 1991 607 2043 quoque
628 1983 668 2023 est

170 2049 257 2102 aditus
266 2051 299 2103 ad
308 2052 426 2104 fabulam
434 2052 508 2104 haud
515 2052 596 2103 male:
606 2052 667 2118 Quo

167 2142 289 2201 tempore
299 2134 394 2184 AEneas
407 2134 498 2203 pineta
512 2130 615 2203 Cybela
626 2148 667 2181 sa·

169 2226 213 2259 cra
237 2210 264 2260 in
287 2210 335 2261 Ida
358 2209 476 2262 caedebat
498 2208 532 2261 ad
556 2207 667 2261 classem

144 2286 366 2405 qadificandam,
378 2291 438 2340 lovi
451 2308 482 2341 ea
498 2289 668 2358 supplicave-

168 2377 226 2430 rat,
238 2386 272 2418 ne
290 2386 371 2419 naves
391 2381 546 2438 tempestate
566 2387 667 2438 merge-

168 2459 274 2512 rentur,
287 2461 326 2512 et,
341 2467 423 2519 quum
438 2450 542 2519 Jupiter
560 2450 667 2499 annuis·

168 2538 221 2591 set,
239 2544 285 2578 eas
304 2545 359 2577 non
378 2543 434 2578 esse
453 2528 598 2597 perituras,
620 2525 667 2576 sed

168 2618 296 2656 mternum
315 2605 469 2670 duraturas,
490 2605 593 2656 scilicet
614 2607 666 2668 ita,

149 2714 152 2720 ·
168 2697 211 2750 ut,
225 2684 332 2755 quando
344 2687 453 2735 AEneam
466 2685 493 2734 in
504 2684 608 2734 Latium
621 2682 667 2734 de-

167 2765 302 2831 tulissent,
322 2767 349 2815 in
366 2764 430 2816 deas
447 2765 561 2814 marinas
582 2774 667 2813 muta·

166 2843 665 2916 rentur:Cybelenuncmonetlovem

166 2935 271 2992 tempus
290 2922 414 2992 promissi
427 2920 550 2972 servandi
563 2919 664 2972 adesse.

165 3002 202 3053 Ut
212 3014 299 3053 autem
311 3003 338 3052 in
351 3001 431 3053 talem
440 3001 558 3052 fabulam
568 3000 666 3051 incide·

166 3095 207 3134 ret
220 3095 353 3148 vetustas,
365 3082 404 3133 ita
416 3083 516 3133 factum
531 3081 665 3145 arbitror,

165 3165 252 3236 primo
266 3163 339 3234 quod
352 3160 515 3226 immortale,
528 3158 665 3222 alliserit,

165 3242 289 3295 dixerunt
314 3241 442 3313 quicquid
466 3241 513 3291 diu
536 3240 613 3291 durat
640 3251 667 3290 et

165 3335 256 3377 manet
262 3322 336 3375 haud
346 3322 477 3384 attritum,
490 3333 519 3371 ut
529 3319 601 3390 apud
609 3321 667 3369 Pin-

165 3402 260 3454 darum
282 3414 387 3453 antrum
406 3418 513 3451 saxeum
526 3397 664 3464 Adulteros,

165 3481 238 3554 apud
257 3483 401 3533 Homerum
420 3475 544 3530 sideralem
563 3477 663 3544 aiyllu,

165 3576 276 3633 potuere
290 3563 379 3630 itaque
392 3559 472 3610 etiam
483 3557 529 3613 titt
543 3555 664 3610 ἀθάνατοι

167 3640 207 3694 ael
220 3639 318 3709 epipam
327 3641 380 3691 dici
386 3663 396 3706 3
403 3653 459 3691 tum
467 3640 540 3711 quod
547 3639 665 3712 Dryades

165 3720 303 3794 Nymphas
319 3720 427 3772 arbores
440 3721 555 3772 insidere
567 3734 593 3772 ct
606 3738 665 3771 cum

113 3833 117 3846 =
167 3804 199 3858 iis
216 3803 304 3852 vivere
322 3818 353 3852 ac
366 3799 478 3853 deficere
495 3799 666 3851 crediderunt

167 3881 298 3933 homines.
313 3882 447 3930 Promtum
463 3881 501 3930 sic
510 3880 575 3945 fuit,
588 3879 667 3930 arbo·

167 3979 209 4013 res
221 3963 333 4024 recisas,
351 3972 377 4011 et
389 3961 416 4009 in
426 3976 507 4010 naves
518 3976 608 4010 versas
617 3960 666 4010 ite-

167 4061 226 4098 rum
238 4041 272 4092 ad
284 4041 424 4112 pristinum
436 4058 534 4091 numen
546 4057 665 4091 reversas

168 4121 339 4177 comminisci.
363 4119 424 4174 Alio
449 4117 529 4174 modo
553 4118 665 4181 navibus

719 1657 747 1706 in
760 1655 884 1725 scopulos
903 1654 984 1705 versis
1003 1653 1133 1703 Homerus
1146 1655 1218 1704 navi·

719 1738 851 1806 gationem
868 1734 1006 1786 Phaeacum
1019 1734 1047 1783 in
1058 1732 1218 1786 miraculum

719 1826 887 1866 converterat
899 1812 981 1884 Odys.
996 1813 1029 1872 ὃ,
1047 1812 1142 1880 557-
1156 1813 1216 1880 564.

754 1912 795 1964 79.
808 1890 1063 1965 Priscofidesfacto,
1074 1892 1119 1942 sed
1125 1892 1147 1960 f.
1161 1912 1217 1946 non

718 1976 827 2044 capiunt
835 1975 906 2026 Serv.
918 1973 1007 2024 etalii.
1019 1973 1093 2022 Fides
1101 1986 1140 2023 est
1150 1976 1216 2042 ejus,

718 2055 763 2124 qui
780 2052 881 2123 aliquid
899 2052 997 2115 tradit,
1016 2050 1059 2102 vel
1080 2053 1135 2115 rei,
1158 2070 1217 2122 quar

715 2145 860 2198 narratur,
882 2151 939 2203 qua·
964 2133 1029 2183 alias
1053 2132 1216 2184 auctoritas.-

717 2211 837 2282 adeoque
849 2231 899 2283 pro
910 2214 968 2282 ipsa
978 2211 1130 2262 narratione
1139 2214 1218 2282 poni-

716 2302 766 2341 tur.
781 2294 863 2362 Igitur
870 2291 946 2362 facto
958 2290 984 2341 h.
1005 2291 1069 2342 facti
1083 2291 1170 2360 prisca
1182 2302 1219 2344 est

714 2367 793 2438 fides,
806 2372 932 2423 narratio.
950 2372 1013 2422 Rem
1027 2382 1118 2421 narrat
1131 2370 1217 2422 tradi-

716 2462 770 2500 tam
788 2451 821 2502 ab
834 2452 948 2521 antiquis
960 2449 1113 2501 hominibus
1129 2471 1135 2500 z
1153 2449 1216 2515 sed,

717 2542 855 2581 constante
862 2531 947 2593 fama,
961 2529 995 2581 ad
1005 2530 1117 2580 seriores
1125 2541 1216 2581 aetates

717 2622 902 2680 propagatam.

752 2690 792 2741 so.
806 2691 845 2741 De
855 2688 1028 2740 aedificatione
1041 2687 1132 2738 classis
1141 2690 1214 2739 conf.

715 2786 773 2838 sup.
788 2770 836 2833 ΙΙΙ,
846 2767 873 2822 5.
888 2767 912 2818 6.
926 2767 974 2816 Ida
985 2779 1072 2817 autem
1085 2785 1176 2831 mons,
1190 2779 1217 2818 et

714 2848 771 2917 ipse
781 2864 856 2898 sacer
868 2864 967 2916 magne
979 2846 1059 2895 Matri
1070 2844 1164 2910 deum,
1179 2847 1214 2896 cf.

713 2943 738 2975 v.
753 2925 800 2989 85,
814 2923 862 2988 86,
874 2942 929 2974 non
941 2925 1028 2974 minus
1040 2943 1071 2974 ac
1084 2925 1216 2994 Berecyn-

714 3014 764 3067 tus,
772 3002 888 3075 Phrygia
898 3020 974 3052 mons
983 3015 1008 3053 et
1017 3015 1147 3067 tractus,a
1160 3022 1215 3074 quo

713 3081 740 3135 h.
753 3085 771 3134 l.
785 3103 881 3135 nomen
898 3083 1025 3134 inditum:
1039 3085 1077 3132 uti
1091 3084 1156 3134 alias
1169 3084 1216 3136 illa

714 3165 786 3216 Idea
798 3165 847 3215 dea
860 3164 994 3234 appellata
1007 3175 1054 3213 est.
1069 3164 1103 3212 cf.
1118 3162 1214 3214 Strabo

714 3245 792 3314 X,p.
808 3243 858 3312 718
870 3241 906 3306 C,
919 3255 945 3293 et
957 3243 1004 3292 inf.
1016 3242 1056 3309 X,
1070 3240 1119 3293 252
1133 3240 1215 3292 Alma

712 3339 806 3394 parens
817 3323 888 3373 Idoea
900 3323 986 3372 deum.
998 3320 1214 3371 Consentaneum

715 3414 786 3466 erat,
798 3413 827 3452 ut
836 3402 1067 3471 pinetamontis·ei
1076 3412 1163 3450 essent
1174 3417 1215 3450 sa-

714 3499 767 3532 era.
778 3510 813 3519 -
824 3480 865 3546 84.
884 3480 982 3531 domito
999 3477 1108 3549 Olympo
1122 3478 1215 3548 adjec-

713 3573 769 3611 tum
782 3578 910 3630 quorsum
924 3561 971 3623 sit,
984 3558 1101 3610 dubitari
1113 3570 1213 3630 potest.

714 3640 866 3710 Sequuntur
877 3639 1050 3706 interpretes,
1064 3655 1132 3707 quos
1145 3636 1214 3706 vidi,

715 3719 847 3778 Serrium,
860 3716 986 3780 Videtur,
1000 3718 1099 3785 inquit,
1114 3715 1163 3767 lroc
1175 3716 1215 3768 di-

715 3818 783 3852 cere:
795 3801 891 3851 Proesta
900 3798 935 3862 ei,
947 3799 1021 3868 cujus
1032 3795 1157 3866 beneficio
1166 3816 1215 3850 ser·

715 3891 788 3931 vatus
799 3877 835 3929 ad
844 3876 953 3948 Olympi
965 3895 1044 3949 reque
1055 3877 1157 3928 venuti.
1169 3879 1215 3930 Sa·

715 3971 807 4010 turnus
815 3957 885 4008 enim
891 3976 973 4029 quum
982 3975 1070 4008 omnes
1077 3974 1214 4009 consume-

715 4049 754 4090 ret
766 4035 857 4109 filios,
873 4039 965 4089 Jovcm
983 4035 1068 4088 solum
1088 4054 1138 4088 esse
1160 4056 1213 4089 non

711 4117 816 4191 potuit,
832 4115 946 4170 celatum
963 4115 1053 4169 matris
1068 4114 1151 4190 (Opis
1165 4135 1212 4170 seu
