2700 4822
148 402 188 466 26
395 405 429 466 P.
452 398 684 463 VIRGlLlI
707 401 939 467 MARONIS

145 526 224 587 Mox
236 521 290 586 hic
303 543 379 584 cum
391 523 518 609 spoliis,
533 522 658 608 ingenti
671 522 760 586 caede
773 542 920 610 pernota,

146 627 271 693 Adi'ore
283 629 424 692 cernetis
437 653 443 691 :
458 651 519 693 nec
533 651 592 692 nos
604 630 656 691 via
668 629 751 690 fallit
764 631 871 693 euntis
884 653 891 691 :

146 732 297 796 Vidimus
310 733 458 798 obscuris
471 735 612 822 primam
625 732 687 797 sub
699 733 839 798 vallibus
851 733 969 798 urbem

147 841 277 903 Venatu
289 838 443 918 adsiduo,
458 856 491 903 et
502 856 609 903 totum
622 841 837 926 cognovimus
850 863 992 904 amnem.
1005 869 1019 900 n
1151 856 1197 915 245

149 946 213 1009 Hic
225 946 319 1008 annis
333 946 452 1033 gravis,
466 962 566 1034 atque
578 946 679 1009 animi
692 961 839 1009 maturus
851 946 961 1009 Aletes
973 968 980 1008 ι

152 1080 166 1109 u
177 1053 219 1114 Dl
231 1051 341 1138 patrii,
356 1072 499 1139 quorum
511 1073 642 1138 semper
654 1050 716 1114 sub
728 1050 864 1112 numine
877 1049 977 1138 Troje
991 1068 1055 1131 est,

148 1159 223 1220 Non
237 1173 345 1219 tamen
359 1157 495 1220 omnino
508 1159 656 1221 Teucros
670 1156 781 1220 delere
793 1157 931 1243 perede,

149 1262 260 1342 Quum
273 1261 345 1325 talis
356 1262 484 1325 animos
492 1261 669 1350 juvenum,
684 1278 796 1324 ettam
809 1277 897 1325 certa
911 1261 1029 1339 tulistis

150 1437 185 1483 liic
196 1455 248 1483 cum
259 1437 348 1500 spoliis,
364 1442 447 1502 i'uqenti
453 1440 514 1483 coede
522 1449 625 1500 peraret,
637 1438 719 1501 Affore
727 1439 822 1482 comeus
831 1453 862 1482 sc.
874 1453 921 1483 nos.
931 1439 963 1484 lta
979 1437 1043 1483 haud
1058 1437 1130 1485 dubie
1139 1454 1199 1501 prae-

150 1516 206 1567 stat,
219 1512 308 1555 AEnenn
319 1520 341 1556 rt
353 1513 433 1555 moenia
444 1510 531 1572 legere.
545 1514 630 1554 Contra
642 1512 673 1554 od
682 1513 775 1564 moent'a,
788 1508 851 1570 apud
863 1511 959 1563 moenia,
974 1512 999 1554 in
1010 1508 1143 1564 Pallanteo,
1155 1512 1199 1554 im·

151 1581 253 1642 peditam
272 1581 326 1624 facit
344 1583 480 1625 orationem.
493 1583 625 1643 querimur,-
643 1581 674 1624 ad
686 1579 850 1642 querendum
867 1591 893 1624 ut
904 1581 929 1624 in
941 1579 998 1625 illo:
1011 1581 1084 1624 Missa
1094 1588 1128 1624 est
1140 1577 1200 1625 illico

150 1650 234 1696 ancillo
245 1655 377 1696 arcessitum
394 1651 540 1696 obstetricem.
556 1650 669 1712 Displicet
681 1663 758 1695 tamen
771 1649 808 1694 vel
820 1652 869 1694 sic:
884 1653 905 1694 si
914 1650 1011 1712 fortuna
1028 1652 1155 1712 permittitis
1167 1648 1203 1695 uti

151 1725 279 1787 quesitum.
298 1723 332 1767 lta
349 1722 429 1767 saltem
447 1734 565 1782 prostaret
579 1736 670 1767 versum
682 1722 805 1778 Qumsitum
818 1721 876 1766 inira
889 1734 941 1782 post
953 1723 1039 1767 verba:
1056 1737 1096 1766 nec
1111 1736 1152 1766 nos
1163 1723 1200 1764 via

145 1790 213 1856 follit
223 1802 312 1847 cuntes,
325 1792 440 1838 collocare
451 1807 456 1836 τ
469 1791 533 1852 quod
545 1793 613 1836 etiam
624 1791 680 1836 olim
692 1790 817 1836 nonnullos
829 1791 910 1836 iecisse
923 1808 935 1836 e
950 1793 1029 1836 Servio
1041 1791 1145 1835 discitur.
1161 1790 1200 1833 ln·

153 1874 188 1907 ter
199 1862 248 1907 liaec
260 1874 336 1907 tamen
349 1877 397 1905 uon
415 1860 474 1905 illud
487 1860 646 1922 querebatur,
665 1874 691 1904 ut
709 1863 753 1922 ipsi
772 1876 824 1905 cum
841 1859 917 1922 spoliis
930 1873 953 1905 et
964 1862 1024 1905 ccede
1038 1869 1130 1922 peracto
1147 1872 1201 1904 mox

153 1931 273 1986 adessent;
285 1931 349 1993 quod
359 1932 456 1975 omuino
466 1932 544 1975 animo
554 1932 679 1991 concipere
689 1945 737 1974 non
750 1930 867 1975 ‹ielis-bant
873 1932 984 1990 juvenes,
997 1945 1040 1975 nec
1050 1932 1200 1991 promittere,

152 2017 166 2046 a
175 2000 274 2047 consilio
285 2000 330 2045 lioc
342 2000 423 2045 saltem
436 2002 539 2046 seniores
548 2015 588 2045 cos
597 2000 715 2046 debebant
725 2001 843 2045 deterrere
849 2016 856 2054 ;
866 2015 945 2046 verum
952 2034 958 2054 ‚
966 2000 1030 2061 quod
1040 1999 1201 2062 querebatur,

153 2071 268 2125 ciathos,
283 2084 310 2115 ut
321 2073 397 2115 duce
408 2073 554 2124 nuntiarent,
567 2083 640 2116 castra
657 2070 771 2122 obsideri,
790 2087 891 2132 eumque
909 2072 973 2114 ocius
985 2070 1133 2115 reducerent.
1147 2070 1200 2114 iltec

152 2159 226 2205 quum
234 2145 265 2187 ita
273 2145 327 2196 sint,
334 2144 428 2186 monitis
438 2144 481 2186 viri
492 2143 553 2186 docti
564 2158 645 2203 pareo,
655 2142 783 2187 stulterum
790 2157 853 2187 nunc
860 2144 973 2186 rationein
982 2141 1122 2202 amplector,
1130 2154 1201 2201 quam

152 2215 178 2258 in
187 2215 252 2258 Notis
265 2216 373 2275 exposui3
386 2215 428 2258 etsi
440 2228 544 2258 neceam
556 2215 611 2258 satis
623 2211 715 2274 placere
732 2215 833 2274 ingenue
844 2213 926 2256 fateor.
938 2212 1046 2258 Alienum
1057 2213 1118 2257 enim
1131 2213 1202 2256 etiarn

91 2309 94 2313 ν
153 2283 183 2328 ab
195 2285 270 2329 AEneae
280 2284 359 2329 reditu
370 2283 428 2338 lior,
444 2297 469 2328 ut
479 2300 528 2328 cum
541 2283 631 2347 spoliis,
651 2288 735 2347 inperiti
743 2285 803 2329 ccede
813 2293 918 2346 perusto,
937 2283 978 2329 ille
994 2285 1091 2328 adesset.
1105 2309 1135 2319 -
1149 2281 1202 2338 243.

147 2352 219 2417 fallet
230 2354 315 2400 Medic.
326 2356 381 2400 Post
390 2355 467 2399 urbem
478 2371 511 2400 vs.
522 2372 587 2419 sequ.
598 2356 794 2417 interpungchant
805 2355 844 2399 alii
857 2367 910 2400 onte
921 2356 999 2400 Heins.
1012 2356 1059 2400 Nos
1069 2357 1202 2415 interpunc-

153 2427 240 2470 tionem
251 2429 390 2472 mutavirnus
402 2443 434 2473 vs.
447 2426 498 2482 243.
515 2428 566 2484 2215.
579 2453 610 2463 —
623 2427 675 2484 odd.
688 2432 784 2489 primum
802 2428 882 2471 Heins.
902 2438 954 2488 post
966 2429 1067 2472 Pierium
1085 2424 1199 2470 defendit.

153 2496 222 2557 Apud
234 2498 334 2542 Nonium
343 2502 449 2559 primum.
464 2499 483 2542 T
485 2515 524 2543 um
535 2497 577 2543 sul>
589 2498 700 2543 menibus
712 2498 773 2543 Gud.
784 2498 849 2543 Leid.
864 2510 886 2542 et
896 2500 992 2559 Regium
1006 2497 1114 2542 codicum
1125 2509 1203 2541 tamen

154 2568 291 2612 auctoritate
309 2579 331 2612 et
350 2568 456 2630 epitheto
472 2567 572 2613 obscuris
587 2571 641 2614 sntis
659 2569 795 2613 defenditur
806 2566 847 2611 suli
859 2565 962 2611 vallibus.
980 2569 1039 2611 Sane
1051 2565 1165 2610 Palatium
1178 2565 1203 2608 in

154 2649 233 2683 monte
246 2650 294 2684 erat
305 2641 375 2684 situm
386 2657 391 2685 ε
404 2641 435 2686 cf.
446 2642 513 2695 l'lll,
527 2641 564 2685 53.
576 2642 626 2685 Jum
639 2657 694 2686 vero
704 2639 775 2685 nolim
789 2640 866 2684 dicere
878 2655 883 2683 :
897 2638 1010 2700 oppidum
1022 2640 1047 2682 in
1060 2636 1121 2683 clivo
1133 2652 1202 2681 mon-

155 2708 184 2751 tis
194 2710 296 2768 positum
312 2711 435 2770 significari
446 2727 452 2756 :
465 2714 563 2774 primam
575 2710 617 2755 sub
629 2709 725 2754 vallibus
738 2709 828 2763 urbem
841 2723 897 2762 nec,
911 2719 981 2769 puto,
993 2707 1054 2752 bene
1066 2707 1138 2751 latine
1151 2706 1202 2751 dic·

155 2789 204 2822 tum
214 2778 273 2825 foret
284 2796 289 2825 :
301 2784 398 2842 primum
408 2782 450 2827 suli
461 2782 557 2828 uallibus
569 2783 658 2837 urbem,
671 2795 723 2827 ente
736 2780 819 2827 vallem
832 2783 898 2825 sitarn
908 2791 947 2824 aut
956 2782 1032 2841 primo
1044 2789 1200 2839 conspectam-

154 2847 201 2893 Sul
211 2849 336 2911 amplector
347 2855 460 2898 rationem
471 2853 678 2915 simplicissimam,
688 2869 758 2914 qnam
768 2853 861 2896 Servius
870 2866 965 2912 quoque
975 2852 1096 2911 preposuit
1107 2865 1112 2893 :
1126 2860 1152 2893 nt
1160 2845 1202 2892 sub

154 2919 250 2965 vallibus
262 2922 291 2967 ad
307 2925 401 2968 vulimus
413 2925 551 2970 retrahatur
564 2927 611 2970 Nos
623 2927 646 2969 in
657 2925 761 2970 obscuris
770 2922 869 2969 vallibus
883 2924 954 2984 positi
965 2921 1065 2966 vidimus
1079 2933 1123 2965 etc.
1136 2922 1202 2972 Fuit,

154 2991 196 3051 qui
205 2989 250 3035 hoc
261 3006 354 3052 negaret
366 3007 429 3039 recte
439 2995 538 3049 iactum
551 3006 573 3039 et
583 2994 613 3039 ad
623 2994 810 3040 emendationem
823 2990 951 3053 proclivior
961 3002 1031 3044 esset,
1044 2988 1085 3032 suo
1097 2987 1200 3034 collibus.

154 3081 185 3094 -
194 3058 245 3115 245.
258 3069 331 3106 tutum
338 3079 384 3108 sec.
393 3064 503 3109 liottcnd.
512 3066 541 3109 cf.
550 3066 627 3109 Burin.
635 3089 667 3101 -
675 3063 726 3119 246.
736 3064 796 3106 Hinc
803 3060 917 3106 Montalb.
925 3063 1005 3104 animis
1013 3068 1115 3103 maturus
1122 3059 1203 3112 Rom,

155 3130 244 3189 sprot,
264 3131 313 3177 bini
330 3135 427 3189 damu,
441 3136 483 3180 sed
495 3138 559 3196 prior
570 3153 582 3180 a
595 3152 625 3180 m.
638 3151 684 3181 see.
695 3147 719 3179 et
727 3134 770 3177 Ed.
781 3134 840 3178 Ven.
854 3146 907 3177 eum
919 3131 988 3176 Gotli.
1000 3142 1066 3184 tert,
1079 3129 1121 3175 sed
1130 3131 1202 3190 magis

155 3202 247 3259 poetica
257 3202 327 3247 l'orma
337 3207 413 3248 animi.
424 3204 520 3265 Vulgari
531 3206 604 3250 forma
615 3218 649 3252 est
658 3205 743 3267 aliquis
752 3208 826 3249 auimo
836 3211 925 3247 maturo
929 3219 937 3254 ,·
946 3213 995 3245 tum
1008 3201 1145 3261 exquisitius
1154 3214 1202 3242 nto·

158 3277 221 3312 turus
237 3273 323 3326 antimo,
345 3273 437 3318 tandem
450 3291 522 3334 greca
534 3274 608 3319 forma
622 3283 724 3319 uicturus
740 3275 816 3318 animi.
835 3275 872 3317 sic
889 3274 931 3317 aevi
948 3279 1049 3314 maturus
1059 3271 1108 3312 AEn.
1120 3269 1150 3325 V,
1166 3267 1203 3330 73.
1219 3284 1221 3288 ·

156 3336 205 3384 lloc
218 3341 293 3401 ipsum
304 3347 348 3386 ervi
357 3360 386 3387 m.
400 3343 507 3406 legerunt
518 3345 626 3390 nonnulli
637 3347 700 3407 apud
713 3345 819 3390 Cerdnm.
830 3342 908 3388 Aletes
919 3355 981 3387 recte
996 3358 1001 3386 :
1016 3335 1116 3390 Ἀλήτης.
1134 3357 1156 3385 v.
1173 3338 1203 3383 ed

156 3406 179 3464 l,
198 3424 253 3464 1213
265 3409 305 3455 alii
315 3411 400 3468 illesis,
413 3412 457 3458 hoc
470 3431 564 3477 quoque
574 3413 621 3459 Jul.
632 3417 685 3460 Sub.
700 3412 804 3468 Aletlrcs,
819 3411 911 3458 Aletes.
920 3437 951 3446 -
960 3409 1010 3472 247·
1027 3403 1064 3453 Dii
1073 3411 1156 3472 patrii,
1168 3411 1202 3458 in·

157 3481 251 3544 repetes,
269 3498 365 3545 quorum
376 3484 418 3530 sub
433 3485 537 3531 Parrhos.
552 3503 564 3530 e
577 3484 663 3546 glossa,
683 3498 709 3531 ut
720 3486 780 3532 bene
793 3488 871 3529 Burni.
888 3495 961 3529 notat.
975 3485 1062 3526 immine
1076 3482 1158 3524 Franc.
1174 3501 1204 3514 ·-

159 3552 210 3606 248.
222 3557 320 3614 parastis
328 3555 397 3602 Goth.
408 3571 453 3602 see.
466 3582 498 3594 ·-
511 3557 562 3617 249.
575 3565 598 3604 et
608 3573 621 3603 e
631 3558 701 3603 codd.
709 3556 789 3602 intulit
797 3558 876 3602 Heius.
888 3554 1017 3602 secundum
1026 3554 1141 3606 Pierium;
1155 3552 1205 3596 Sei-

158 3693 272 3746 servius.
283 3699 364 3748 Recte
377 3698 554 3768 quidem3sed
565 3703 657 3751 Fortu-
705 3701 839 3770 provecti,
858 3702 885 3749 in
904 3698 1020 3748 obseura
1035 3695 1104 3746 valle
1122 3695 1205 3745 eollo·

158 3791 194 3825 na
204 3774 287 3824 multo
296 3775 373 3827 latius
383 3791 457 3848 patet
466 3781 603 3850 multoque
616 3798 656 3829 or·
707 3782 759 3830 eati
777 3778 890 3830 vidimus
908 3796 922 3827 e
937 3777 1086 3847 longinquo
1104 3773 1205 3825 Pallan·

160 3857 257 3920 natiue,
268 3867 295 3907 et
304 3859 557 3925 potentiusverlmm
565 3872 612 3910 est.
623 3887 657 3898 --
706 3871 779 3909 teum
788 3860 815 3908 in
825 3855 897 3909 edito
906 3855 967 3906 loeo
979 3854 1203 3925 positum—248.

162 3935 220 4001 244.
234 3935 465 4005 Expeditissimum
480 3950 535 4002 est,
549 3953 578 3989 ut
591 3939 658 3989 vidi·
706 3941 802 3989 Putem
821 3939 915 4007 respici
928 3935 1022 4006 Odyss.
1040 3937 1066 3994 d,
1081 3934 1133 4003 754
1145 3950 1202 4003 sqq.

160 4033 218 4064 mus
235 4014 269 4065 ad
284 4015 366 4066 verba
386 4017 561 4068 subcollibus
579 4030 659 4068 retru—
706 4019 770 4068 Mox
790 4026 872 4067 certus
891 4015 966 4066 aliter
984 4033 1064 4083 quom
1083 4032 1107 4063 v.
1128 4015 1162 4082 96
1180 4024 1205 4064 et

160 4095 253 4158 lictum
264 4109 294 4147 ut
303 4099 429 4166 sitznos,
441 4111 539 4151 venatu
548 4098 658 4152 ulterius
707 4097 784 4160 elibi3
802 4109 842 4149 est
862 4097 898 4162 is,
916 4096 960 4146 eui
978 4106 1093 4162 certum,
1113 4093 1206 4146 decre·
