2700 4822
144 413 166 494 a,
395 382 938 468 n'vraortuuaaoms

146 531 249 608 Dixit,
264 544 297 593 et
309 526 342 590 in
355 527 472 592 caelum
484 522 617 612 paribus
630 543 665 586 se
677 519 892 598 sustulit-alis,

148 641 387 724 Ingentemque
400 634 477 719 luga
489 630 594 695 secuit
605 626 666 692 sub
679 625 822 690 nubibus
834 646 956 703 arcum,

145 742 313 830 Adgnovit
320 739 465 829 juvenis,
480 734 688 822 duplicisque
700 731 740 796 ad
754 731 861 795 sidera
872 730 996 817 palmas

147 847 299 923 Sustulit,
313 860 346 908 et
358 844 413 908 tali
425 842 607 928 fugientem
620 854 669 902 est
680 859 761 901 voce
774 851 904 900 secutus
917 858 924 896 :

152 983 165 1012 a
178 954 235 1031 lri,
250 951 351 1016 decus
363 949 448 1026 caeli,
463 947 536 1035 quis
548 962 581 1010 te
593 943 674 1006 mihi
686 940 830 1005 nubibus
841 955 946 1004 actam

140 1057 276 1123 ›Detulit
288 1057 321 1118 in
334 1054 454 1119 terras?
465 1049 554 1115 unde
567 1049 637 1112 haec
649 1064 716 1112 tam
728 1047 813 1111 clara
825 1060 962 1132 repente

148 1160 362 1250 Tempestas?
374 1156 522 1221 medium
533 1153 631 1218 video
644 1149 813 1216 discedere
826 1150 957 1228 caelum,

135 1267 358 1353 ‚Palantisque
370 1261 452 1350 polo
462 1260 587 1324 stellas:
601 1280 722 1345 sequor
734 1257 844 1319 omina
856 1271 959 1332 tanta,

150 1372 306 1460 Quisquis
319 1370 355 1432 in·
364 1391 454 1432 arma
466 1388 574 1430 vocas.
589 1393 601 1422 v
618 1366 659 1427 Et
671 1363 717 1427 sic
730 1362 863 1438 effatus,
877 1358 919 1423 ad
931 1355 1055 1422 undam

150 1476 327 1551 Processit,
341 1494 538 1558 summoque
551 1469 659 1532 hausit
672 1466 713 1531 de
726 1467 854 1554 gurgite
865 1463 1029 1553 lymphas,

151 1582 258 1647 Multa
270 1577 351 1642 deos
364 1598 475 1656 orans,
489 1575 703 1660 oneravitque
716 1571 837 1636 aethera
849 1571 942 1635 votis.

152 1765 215 1826 conj.
227 1758 381 1822 Cuningham.
391 1774 413 1804 v.
427 1755 461 1812 14.
475 1757 509 1802 15.
518 1758 567 1818 jam
577 1771 627 1818 sup.
642 1755 667 1800 hi
677 1770 756 1800 versus
765 1754 805 1800 lib.
818 1755 848 1810 V,
860 1753 913 1816 657.
923 1753 976 1799 658.
987 1777 1018 1789 -
1033 1751 1067 1809 ¹4·
1077 1757 1198 1816 pariterse

154 1836 244 1898 aliquot
251 1834 312 1877 Pier.
325 1855 356 1867 -
371 1829 405 1875 16.
419 1830 558 1893 lqnotumj„
569 1839 596 1872 ut
603 1827 632 1872 ad
641 1841 720 1872 arcum
728 1838 829 1887 spectet,
847 1824 916 1869 Goth.
933 1836 998 1880 tert,
1010 1840 1141 1887 perperam.
1152 1843 1199 1892 que

153 1916 206 1968 post
215 1900 311 1966 displices
319 1901 391 1946 abest
400 1901 425 1943 iu
435 1897 525 1960 aliquot
534 1899 594 1943 Pier.
606 1923 638 1932 -
652 1912 687 1959 ¹7·
697 1912 723 1942 ac
734 1895 773 1941 alii
782 1912 825 1958 pro
838 1903 872 1950 et,
884 1894 948 1957 quod
957 1895 1035 1940 Heius.
1045 1896 1156 1957 pra-tulit.
1166 1924 1197 1934 -

156 1975 192 2021 18.
202 1983 279 2038 aptam
286 1970 383 2018 Dervill.
394 1968 481 2015 hastam
492 1968 562 2014 Goth.
575 1984 610 2030 pr.
623 1993 654 2003 -
670 1983 704 2028 ¹9·
714 1967 772 2012 unde
782 1966 829 2012 hoec
839 1965 996 2012 tiliMontalh.
1010 1992 1041 2002 -
1054 1982 1090 2012 20.
1100 1968 1199 2014 medium

142 2045 217 2098 ,video
226 2055 279 2106 post
290 2043 392 2087 Pierium
404 2040 511 2102 probavit
523 2040 602 2084 Heius.
620 2055 633 2084 e
650 2038 718 2083 codd.
725 2055 732 2093 ;
744 2037 844 2099 vulgaris
854 2037 927 2082 ordo':
939 2037 1002 2082 video
1018 2037 1121 2082 medeam.
1138 2040 1200 2083 Tum

140 2115 280 2168 discedere,
292 2112 357 2174 quod
366 2112 487 2172 proprium
497 2111 522 2154 iu
532 2108 575 2154 hac
585 2125 610 2154 re
620 2110 716 2154 verbum
727 2121 774 2164 est,
788 2120 811 2154 et
823 2107 958 2153 defenditur
967 2123 979 2152 a
988 2109 1074 2153 Seneca
1086 2109 1131 2152 VII
1146 2110 1199 2153 Nat.

156 2188 203 2246 Qu.
215 2201 252 2230 ao.
262 2183 329 2228 ldem
340 2183 401 2227 Pier.
414 2196 466 2225 cum
477 2182 518 2226 Ge.
529 2181 635 2225 Fabricio
647 2183 719 2226 tuitus
732 2193 780 2226 erat
792 2192 845 2225 aute
857 2181 949 2234 Heins,
967 2180 1008 2241 qui
1021 2181 1045 2223 in
1056 2179 1165 2226 Mediceo
1177 2192 1201 2226 et

155 2257 208 2304 aliis
223 2254 358 2300 melioribus
369 2254 467 2297 invenit.
479 2251 524 2296 Alii
536 2252 670 2307 ducmdere,
688 2255 765 2313 Sprot.
777 2250 896 2297 dehiscere.
907 2250 1012 2295 Laudant
1021 2250 1087 2296 Iliad.
1098 2249 1132 2306 θ,
1147 2253 1199 2310 554.

156 2341 190 2378 π,
204 2324 261 2378 3οο,
273 2322 313 2366 uhi
324 2321 353 2367 de
364 2320 434 2383 longo
443 2333 568 2382 prospectu
584 2321 634 2372 caeli
650 2324 739 2377 sereni,
758 2338 806 2384 quo
819 2320 891 2367 stellae
901 2323 969 2366 etiam
980 2322 1103 2366 interiores
1114 2322 1201 2368 ohtutu

157 2393 304 2458 deprehendi
321 2392 531 2438 videntum-21.
546 2391 676 2456 Pallantisq.
694 2393 783 2455 aliquot
795 2394 874 2439 Heius.
886 2405 908 2438 et
925 2392 972 2438 duo
986 2393 1054 2438 Goth.
1066 2392 1200 2460 pollentesq.

157 2467 210 2513 duo
219 2469 300 2511 uuam.
310 2480 440 2526 perperam.
457 2481 478 2509 v.
494 2464 547 2508 Not.
565 2465 651 2527 Sequor
665 2465 819 2526 praetulerunt
834 2464 946 2509 librorum
958 2480 1052 2526 quoqne
1062 2468 1200 2512 auctoritate

160 2538 222 2582 Pier.
235 2548 258 2580 et
267 2535 346 2578 lleins.
356 2532 425 2578 Multi
437 2548 526 2596 sequar.
538 2559 569 2568 -
581 2549 618 2578 aa.
628 2543 693 2580 vocat
701 2534 790 2596 aliquot
800 2536 859 2579 Pier.
871 2535 903 2578 Et
910 2537 941 2579 sic
951 2533 1041 2596 effatus.
1060 2536 1166 2597 Languet
1174 2532 1202 2581 ci

160 2616 195 2660 et;
206 2604 266 2650 nihil
282 2617 359 2649 tamen
370 2619 382 2648 e
392 2602 456 2649 libris
466 2616 570 2649 notatum
580 2605 657 2650 video.
669 2630 700 2640 -
713 2605 749 2650 23.
762 2607 879 2650 Proecessit
894 2604 959 2650 Leid.
970 2603 1071 2667 nimphas
1081 2605 1179 2652 Dorvill.
1190 2622 1203 2650 a

161 2694 193 2724 m.
206 2693 251 2723 aec.
266 2701 297 2711 —
310 2674 346 2730 πά.
357 2690 401 2737 que
410 2687 462 2736 post
477 2678 577 2721 oneravit
591 2678 616 2720 in
632 2676 750 2739 plerisque
760 2677 872 2722 Pierianis
883 2687 906 2720 et
917 2678 942 2720 in
955 2675 1023 2736 Giph.
1033 2675 1103 2720 codd.
1114 2677 1201 2722 aberat.

162 2747 192 2792 cl.
210 2745 240 2790 ad
249 2747 278 2799 V,
294 2743 343 2804 167.
361 2745 385 2788 si
401 2756 474 2789 totum
490 2744 662 2791 hemistichium
678 2747 779 2804 abesset,
791 2762 872 2802 nemo,
885 2746 996 2802 arbitror,
1008 2746 1160 2792 desideraret.

161 2899 197 2949 lll
215 2915 255 2968 pr.
281 2894 316 2946 ad
334 2895 380 2946 lih.
399 2896 553 2949 vll-15.
577 2899 659 2950 secuit
707 2898 780 2970 quod
798 2897 948 2970 disruptum
968 2910 1007 2950 est
1030 2896 1104 2966 (hoc
1123 2896 1204 2949 disce-

163 2995 254 3030 arcum
265 2993 329 3046 pro,
341 2978 439 3026 meavit
450 2996 498 3047 per
510 2997 601 3028 arcum
610 2998 658 3029 cae·
706 2980 765 3029 dere
774 2977 854 3043 dixit,
866 2997 931 3030 voce
941 2981 968 3028 in
977 2977 1028 3028 hac
1040 2996 1069 3028 ra
1078 2979 1204 3047 propria,

162 3055 198 3130 li,
218 3056 344 3117 incessit,
363 3067 490 3124 tanquam
511 3058 572 3120 Iris,
595 3076 658 3108 arcu
706 3076 756 3128 pro
767 3056 919 3122 dehiscere,
931 3058 1032 3108 hiatum
1044 3058 1150 3115 facerel
1164 3069 1205 3123 et,

162 3134 660 3204 facto„protramite.Ductaloqucndi
711 3136 784 3207 quod
796 3136 861 3189 alias
880 3139 906 3188 in
925 3137 1030 3207 fulgure
1046 3135 1103 3187 lieri
1122 3137 1205 3200 solet,

164 3217 253 3266 forma
273 3233 289 3264 a
304 3215 487 3283 navigatione,
499 3212 584 3279 ripevus
598 3214 661 3277 silve,

164 3311 249 3347 secare
263 3310 348 3356 mare,
366 3293 440 3343 sulco
457 3295 529 3344 facto
541 3297 569 3344 in
581 3294 663 3345 llucti-

165 3371 299 3436 bus,hinc
308 3382 401 3422 terram
408 3386 481 3436 ,tum
489 3375 573 3442 ipsam
582 3374 660 3424 viam.

165 3451 269 3504 Servius
280 3449 381 3523 reddit3
397 3475 408 3497 a
419 3470 509 3502 arcum
519 3454 661 3505 lecitsecto

166 3533 243 3595 caelo,
260 3532 333 3584 duxit
344 3557 354 3579 n
367 3533 459 3603 paullo
476 3534 560 3584 aliter.
578 3537 612 3586 cf.
628 3534 663 3585 ad

165 3615 198 3676 V,
216 3613 275 3664 658.
295 3614 392 3664 Versus
411 3613 440 3664 18
457 3614 541 3665 verba
559 3628 620 3667 sunt
631 3634 663 3667 ex

166 3689 241 3758 lliad.
253 3711 279 3750 o,
296 3691 352 3742 182.

203 3787 244 3821 21.
265 3770 326 3820 Non
339 3788 442 3821 uorum
457 3784 496 3822 est
512 3784 662 3824 ostentum:
678 3802 681 3807 ·

165 3847 285 3919 palantes
295 3847 357 3917 polo
369 3848 453 3900 stellas
469 3851 559 3902 videre
575 3853 662 3904 medio
683 3880 689 3889 ·

167 3929 223 3990 die,
241 3927 267 3980 et
283 3941 322 3980 est
336 3928 362 3979 h.
381 3929 398 3979 l.
411 3929 526 3981 interdiu
545 3930 664 3983 oblatum

169 4005 436 4077 auspicium;(omina
445 4018 516 4060 tanta
525 4011 581 4080 ipse
589 4010 664 4082 dixit)

168 4105 240 4141 nunc
259 4099 348 4140 tamen
367 4101 463 4141 ornant
480 4088 537 4142 haec
556 4090 663 4158 caelum,

711 3216 819 3269 chasma
850 3219 925 3279 fecit3
953 3219 1079 3286 apposita
1107 3229 1208 3269 vocant

710 3296 888 3348 Grammatici.
898 3295 926 3346 Si
935 3298 1024 3365 itaque
1038 3297 1121 3365 ruptis
1132 3295 1209 3346 nubi·

710 3375 760 3426 hus
779 3377 806 3426 in
827 3377 953 3428 interiora
969 3376 1097 3446 perrexit,
1117 3377 1209 3448 stellas

711 3456 1208 3527 apparere,nubibusremotis,necesse

710 3537 770 3586 fuit.
785 3536 831 3586 Est
845 3550 931 3588 autem
950 3539 972 3587 is
990 3534 1085 3585 modus
1102 3554 1155 3606 quo
1173 3535 1211 3588 dii

710 3619 738 3668 in
750 3616 842 3685 caelum
854 3615 929 3667 evehi
944 3627 1103 3664 narrantur:
1119 3616 1146 3664 vi
1160 3632 1209 3666 sua

712 3694 802 3745 divina
814 3693 939 3745 attollunt
949 3710 975 3744 se
988 3695 1016 3742 in
1032 3692 1116 3744 nubes
1127 3705 1153 3744 et
1165 3693 1208 3743 ul·

713 3777 793 3826 terius
805 3776 832 3824 in
843 3772 935 3823 caelum
944 3774 1209 3843 perveniuntfflnter-

712 3854 775 3905 dum
785 3864 964 3904 memorantur
974 3852 1033 3913 alae3
1046 3855 1072 3902 in
1082 3851 1153 3903 iride
1164 3869 1210 3902 au-

713 3946 765 3985 tem
777 3945 890 3984 novatur
902 3951 943 3983 res
954 3951 1002 4002 per
1015 3950 1105 3983 arcum
1118 3930 1209 3981 caeles·

713 4026 779 4074 tem;
792 4013 1086 4083 persoleasnusquam,
1098 4012 1149 4060 nisi
1161 4027 1211 4078 per

712 4091 798 4146 soleas
809 4090 898 4148 alatas.
907 4120 942 4132 —
950 4109 983 4144 aa
991 4121 1025 4130 -
1033 4089 1076 4156 24.
1087 4087 1160 4160 quod
1169 4105 1211 4140 re-
