2700 4822
161 435 203 503 50
410 427 445 489 P.
469 422 702 495 VIBGlLll
725 423 958 490 MARONIS

159 557 317 636 Produxi,
331 553 477 644 pressive
490 549 618 629 oculos,
633 565 690 613 aut
701 550 838 614 vulnera
850 551 929 630 lavi,

159 670 260 731 Veste
272 682 401 750 tegens;
414 658 475 723 tibi
488 680 588 746 quam
600 671 714 720 noctes
729 657 848 721 festina
860 656 999 747 diesque

158 769 364 860 Urguebam‚
378 781 411 830 et
423 765 488 828 tela
500 785 594 828 curae
607 762 737 827 solabar
747 764 854 829 anilia.

157 880 232 961 Quo
245 872 382 964 sequar?
392 886 450 934 aut
462 890 536 958 quae
548 891 638 933 nunc
652 885 741 933 artus
754 870 935 959 avolsaque
947 868 1111 953 membre,
1164 886 1211 947 49·

159 986 200 1049 Et
212 984 312 1047 funus
325 980 471 1044 lacerum
483 976 581 1040 tellus
593 972 712 1039 habet?
723 974 788 1041 hoc
800 975 883 1040 mihi
896 975 939 1040 de
951 993 998 1056 te,

157 1094 255 1170 Nate,
269 1086 395 1153 refers?
407 1083 472 1148 hoc
484 1105 559 1148 sum
570 1100 726 1173 terraque
738 1085 889 1174 marique
901 1085 1033 1149 secuta?

157 1201 263 1287 Figite
276 1219 344 1275 me,
359 1194 385 1258 si
400 1215 466 1281 qua
478 1207 528 1256 est
539 1192 660 1279 pietas;
674 1191 708 1254 in
720 1213 774 1255 me
787 1192 898 1256 omniu
910 1192 975 1257 tola

14 1283 19 1304 ό
82 1336 86 1341 ·
157 1304 332 1396 Gonjicite,
347 1323 366 1365 o
379 1298 510 1378 Rutuli3
524 1320 578 1362 me
590 1297 732 1386 primam
743 1296 907 1363 absumite
920 1298 1025 1380 ierr03

156 1487 260 1539 dictura,
272 1479 364 1527 aliud.»
377 1476 491 1538 subjecit,
504 1474 607 1522 dolentis
618 1491 691 1522 more.
704 1476 817 1524 «Scilicet
829 1492 857 1523 ex
869 1478 921 1539 ejus
932 1478 1048 1524 sententia
1058 1477 1211 1524 scribendum
1244 1504 1247 1513 ·

157 1562 201 1607 erit
212 1572 265 1602 cum
277 1554 368 1598 Catroeo
379 1565 384 1594 ι
397 1563 437 1592 nec
450 1556 509 1593 te-
518 1557 555 1592 tua
560 1549 648 1611 futtern
662 1557 734 1594 mater
744 1549 859 1604 Produxi,
879 1561 905 1593 ιιι
915 1565 939 1595 ee
953 1551 1025 1612 ipsam
1037 1548 1210 1611 reprehendat:

154 1629 214 1694 quid
226 1627 280 1672 dico
293 1623 330 1669 te?
342 1620 424 1667 saltem
436 1632 475 1665 tua
491 1618 574 1666 lunera
585 1637 591 1666 ε
604 1621 669 1682 quod
681 1636 711 1666 an
723 1620 825 1684 cuipiam
843 1636 867 1666 ee
886 1622 1040 1682 probaturum
1058 1623 1101 1678 ait,
1116 1621 1208 1668 dubito.

155 1698 226 1747 Aliud
239 1709 337 1743 acumen
351 1694 446 1755 sequuti
462 1703 517 1737 suut
533 1689 581 1737 alit
601 1692 700 1738 Cerdam
712 1709 761 1738 nou
773 1708 884 1755 assequor
888 1727 896 1748 ,
909 1695 952 1739 etti
962 1695 982 1738 it
993 1692 1122 1755 proclivior
1134 1707 1168 1741 eet
1184 1696 1209 1739 iu

156 1772 290 1818 servianam
301 1766 424 1811 rationem.
437 1760 537 1808 Castalio
547 1761 610 1823 apud
619 1765 781 1810 Burmannum
790 1765 860 1811 verba
870 1764 984 1827 jungebat
992 1765 1025 1811 tic
1036 1781 1042 1810 t
1053 1780 1095 1810 nec
1105 1774 1127 1811 te
1137 1775 1210 1830 teqerts

154 1850 215 1888 veste
225 1838 324 1903 produxi
328 1834 423 1898 funera.
434 1835 497 1878 Dura
510 1849 604 1895 prorsus
616 1837 699 1881 oratio.
710 1837 799 1881 Locum
812 1851 861 1882 ease
873 1847 1009 1898 corruptum
1021 1835 1100 1882 nullus
1113 1836 1208 1894 dubito,

155 1923 226 1973 atque
244 1921 297 1953 eum
308 1908 371 1950 inter
388 1920 416 1950 ea
429 1919 478 1949 esre
496 1902 649 1950 referendum
661 1919 759 1960 censeo,
774 1907 799 1949 in
811 1920 912 1967 quorum
923 1902 1064 1966 corruptelle
1073 1904 1157 1952 omnen
1168 1920 1209 1953 co-

155 1983 219 2029 dices
229 1979 380 2040 conspirant,
395 1991 470 2037 eoque
481 1986 590 2020 tentatum
607 1975 710 2033 iaciunt,
729 1992 754 2023 te
770 1978 819 2022 ietia
836 1976 1041 2038 depravationihuc
1050 1979 1212 2025 aerioreaette

153 2067 249 2101 omnen.
261 2048 381 2094 Laudatur
392 2046 488 2110 quidem
500 2044 573 2092 lectio
585 2062 612 2093 ex
624 2062 671 2094 aec.
685 2049 770 2094 Moret.
786 2064 827 2095 nec
836 2052 896 2095 enain
906 2057 957 2105 tua,
973 2061 995 2094 et
1007 2065 1035 2094 ex
1047 2048 1155 2096 emma
1167 2065 1209 2096 nee

103 2140 105 2144 ⁴
154 2139 195 2189 ⁶9⁰
206 2131 258 2174 tna,
271 2116 314 2164 sed
331 2128 488 2162 correctorem
499 2117 524 2161 in
535 2115 573 2162 hn
585 2132 695 2179 agnoscat
707 2117 790 2173 facile3
808 2121 890 2165 necin
902 2117 954 2164 aliie
965 2117 1023 2164 loeia
1036 2117 1061 2163 hi
1073 2118 1169 2165 codice·
1179 2120 1210 2165 alr

154 2194 206 2241 aliie
217 2189 333 2238 recedunt
343 2189 389 2233 niti
401 2202 429 2232 ex
441 2185 632 2249 interpolatione.
646 2188 692 2234 Sed
710 2190 736 2234 in
748 2201 843 2251 promtu
862 2201 896 2235 est
913 2188 960 2235 loci
979 2188 1126 2245 emendatio,
1144 2205 1209 2254 quae,

153 2280 202 2313 una
220 2278 274 2308 cum
293 2259 465 2322 depravationis
477 2272 570 2315 cauata,
591 2274 619 2305 ex
631 2259 781 2316 antecedenti
793 2270 833 2306 tata
843 2263 869 2307 iu
881 2260 963 2306 oculos
974 2261 1091 2307 incurrit:
1108 2277 1209 2326 eamque

151 2339 201 2399 jam
212 2333 313 2380 Bembus
325 2342 495 2394 proposuerat:
507 2346 549 2377 nec
561 2340 581 2376 te
594 2340 633 2376 tua
644 2331 728 2378 funere
741 2343 814 2379 mater
826 2334 941 2388 Producam
958 2348 1003 2378 neo
1016 2348 1062 2395 ego
1071 2335 1174 2396 produri
1185 2347 1209 2382 te

151 2409 244 2455 funere.
257 2403 360 2465 Vulgare
367 2415 433 2455 erat:
446 2401 546 2458 ducere,
559 2403 703 2465 producere,
716 2404 799 2460 iunus3
814 2416 837 2451 et
849 2403 964 2467 elegantia
976 2417 1031 2450 nota
1042 2419 1088 2466 pro
1098 2420 1157 2468 ego,
1170 2415 1208 2453 naa

151 2486 232 2523 mter.
244 2478 390 2520 Burmannus
402 2475 578 2535 castigationem
589 2473 651 2518 hano
663 2473 753 2520 admitti
764 2490 831 2537 poste
841 2475 959 2531 concediu
971 2475 1069 2521 lluctuat
1080 2487 1160 2524 tamen
1170 2479 1207 2524 in·

151 2562 230 2595 eertue
242 2530 384 2608 taitdemque
397 2556 486 2591 tentat:
502 2559 542 2590 neo
557 2548 629 2591 uratia
638 2543 744 2608 fintene:
763 2548 897 2593 emendatio
907 2563 936 2594 ex
948 2563 976 2592 eo
988 2562 1087 2609 genere,
1102 2550 1169 2612 quod
1179 2565 1206 2597 ex

150 2634 272 2674 metatura,
285 2629 309 2663 et
319 2631 418 2662 numero
430 2615 552 2661 literarum
564 2615 639 2661 simile
652 2616 710 2678 quid
721 2618 838 2663 extundit.
850 2619 1002 2664 lleurnannut
1020 2616 1076 2663 olim
1096 2621 1207 2682 conjece·

149 2705 203 2739 rat:
221 2700 242 2737 te
253 2701 276 2736 et
293 2699 332 2735 tna
341 2687 443 2752 funem:
455 2689 516 2733 Lara
529 2701 552 2734 et
563 2688 625 2734 fluxa
637 2691 730 2734 oratio:
745 2689 820 2735 lomm
833 2693 858 2736 in
869 2693 920 2738 rivo
931 2703 1012 2737 natare
1023 2702 1101 2753 putent
1114 2691 1204 2739 Merula

150 2761 182 2807 ad
192 2762 295 2805 Ennium
305 2775 329 2820 p.
344 2757 385 2813 56,
399 2759 441 2819 qui
453 2759 569 2803 Serviane
581 2756 671 2820 alioqui
680 2760 767 2805 rationi
778 2760 853 2817 favet,
868 2763 965 2822 insuper
977 2760 1087 2823 legebat:
1099 2760 1205 2818 Meet,

150 2830 218 2878 nullo
231 2847 284 2877 curn
293 2830 380 2875 fructu.
396 2853 428 2864 —-
441 2827 496 2891 487.
508 2827 579 2874 oenus
589 2829 638 2875 duo
649 2831 728 2874 Burm.
740 2856 773 2867 -
783 2830 837 2888 488.
852 2832 893 2877 tibi
899 2833 962 2896 quod
972 2832 1038 2877 Rom.
1051 2848 1099 2897 quo
1110 2833 1170 2890 nt,
1182 2845 1206 2879 et

150 2917 206 2948 mox
217 2917 240 2948 v.
252 2899 306 2960 489.
325 2898 465 2964 Urquehortt.
479 2897 523 2944 tela
534 2898 591 2944 anili
601 2899 660 2946 alter
672 2901 769 2948 Mentel.
780 2927 813 2938 -
823 2901 878 2964 [09⁰-
893 2918 976 2967 sequor
990 2902 1050 2949 alter
1067 2902 1152 2950 nano.
1167 2913 1207 2950 ent

150 2989 196 3038 quo
207 2969 323 3017 Montalb.
336 2982 360 3015 et
372 2969 442 3014 Goth.
455 2981 508 3015 tert.
523 2995 555 3005 -
568 2969 622 3032 492.
635 2973 696 3016 Note
713 2971 799 3036 nefers
811 2971 870 3019 alter
888 2973 971 3018 llamb.
990 2987 1043 3038 quoe
1053 2986 1106 3018 sum
1117 2974 1206 3038 aliqttot

150 3043 205 3090 edd.
224 3054 296 3098 vett,
318 3040 359 3087 ted
378 3039 419 3087 hoc
436 3056 487 3085 sum
499 3056 581 3088 omues
595 3044 676 3104 scripti
688 3039 787 3090 Pten'et
798 3045 879 3090 Heius.
895 3057 918 3090 et
929 3044 1044 3099 Gothori,
1058 3057 1145 3106 preter
1155 3047 1205 3108 pri·

149 3128 222 3163 mum.
236 3114 283 3162 hoec
295 3129 347 3160 eum
357 3129 403 3160 sec.
416 3113 526 3160 Rottend.
540 3106 563 3161 et
575 3115 682 3162 Perrhae.
694 3141 726 3152 -
736 3115 791 3178 494.
801 3121 902 3180 primum
913 3115 972 3163 alter
983 3116 1066 3163 namt.
1080 3116 1204 3181 nlmnpite

148 3256 322 3332 grammatica
339 3258 461 3327 accipere
472 3257 510 3308 tic
519 3256 609 3326 jubet,
622 3270 653 3310 ut
702 3269 728 3311 ta
746 3261 887 3312 convestire
898 3259 969 3310 miii
982 3276 1092 3331 corpora
1110 3257 1206 3326 licuit,

149 3351 196 3390 tua
202 3332 304 3409 funera
317 3338 350 3387 sit
363 3338 515 3406 appositum
525 3340 599 3389 vocis
613 3351 650 3399 te;
701 3359 749 3391 nec
761 3341 860 3392 miseroe
878 3339 964 3391 lavere
976 3337 1096 3390 lacrnma
1107 3339 1202 3392 salem

147 3418 337 3471 scilicetiunus
348 3413 470 3480 ducitur,
483 3416 651 3485 producitur,
699 3421 864 3492 sanquinem.
877 3419 932 3472 vid„
946 3421 1008 3471 Var.
1022 3420 1096 3472 Lect.
1107 3450 1143 3461 -
1153 3421 1201 3481 tta

115 3569 118 3575 ι
148 3498 272 3568 adeoque
289 3508 316 3548 et
328 3512 445 3564 corpus:
462 3497 543 3568 friget
560 3511 652 3551 tamen
700 3512 766 3552 vesto
779 3513 871 3574 tepens.
894 3501 1067 3554 Minusbene
1083 3501 1202 3555 darom

147 3578 190 3630 vel
198 3579 236 3629 sic
246 3577 321 3628 loun
332 3593 393 3626 curn
404 3575 542 3629 cadavere.
553 3579 651 3630 Ptobu-
699 3581 822 3646 funebri,
835 3577 941 3647 t'rniqrm
958 3580 1071 3644 dicitur,
1083 3584 1203 3654 cogitant

146 3654 201 3711 bile
213 3657 340 3718 fecimus,
350 3653 493 3724 legendum
506 3657 652 3728 eseefuoe·
699 3660 788 3731 intpp.
798 3674 824 3714 et
835 3661 925 3730 antipae
933 3663 1034 3714 Laertae
1044 3662 1204 3734 aPenelope

147 3757 189 3798 re,·
202 3754 252 3786 neo
262 3752 312 3804 ego
323 3735 404 3785 funus
418 3747 493 3786 tuum
506 3737 569 3789 duxi
579 3759 586 3801 ;
598 3757 649 3808 pro
700 3755 822 3794 curatum
828 3742 882 3795 hue
891 3743 1134 3797 advocatennefiiii
1142 3745 1202 3798 edo·

145 3815 199 3871 hoc
220 3813 326 3864 doctius
348 3813 465 3865 dictum:
485 3835 532 3867 nec
548 3829 572 3868 te
589 3837 651 3888 pro·
698 3819 1203 3896 hecoutiemortematerprofeotonton

145 3894 212 3948 duxi
226 3891 334 3962 funere.
355 3893 397 3945 Ad
416 3896 651 3948 sententiam-illu·
699 3899 848 3972 cogitabam
867 3901 952 3955 cedei
968 3907 1201 3969 ventem-ornatiu-

145 3971 283 4031 attendam
300 3973 394 4027 laudat
407 3993 498 4028 versus
510 3977 648 4029 Ennianos
697 3997 753 4032 rem
761 3981 883 4051 parabat.
894 4013 930 4024 -·
941 3983 1082 4054 49t.'ltoc,
1100 3986 1200 4039 scilieet

144 4053 267 4106 Macrob.
276 4051 380 4121 satvr,
391 4073 415 4122 a,
424 4072 454 4108 ex
462 4053 646 4126 Cresphonte:
697 4073 796 4129 eaput,
807 4061 880 4132 quod
893 4076 954 4115 ante
967 4062 1061 4115 oculos
1074 4081 1136 4119 erat
1145 4066 1199 4118 euf-

145 4135 648 4211 noquetenumyinjieeranequecruen·
696 4136 1197 4217 liaumper'ticavdiii-lqaltocntm
