<?xml version="1.0" encoding="UTF-8"?>
<!DOCTYPE html PUBLIC "-//W3C//DTD XHTML 1.0 Transitional//EN"
    "http://www.w3.org/TR/xhtml1/DTD/xhtml1-transitional.dtd">
<html xmlns="http://www.w3.org/1999/xhtml" xml:lang="en" lang="en">
 <head>
  <title>
</title>
<meta http-equiv="Content-Type" content="text/html;charset=utf-8" />
  <meta name='ocr-system' content='tesseract 3.04.00' />
  <meta name='ocr-capabilities' content='ocr_page ocr_carea ocr_par ocr_line ocrx_word'/>
</head>
<body>
  <div class='ocr_page' id='page_1' title='image "bibliothecaclas22lemagoog_0024.png"; bbox 0 0 2700 4822; ppageno 0'>
   <div class='ocr_carea' id='block_1_1' title="bbox 327 417 1092 485">
    <p class='ocr_par' dir='ltr' id='par_1_1' title="bbox 327 417 1092 485">
     <span class='ocr_line' id='line_1_1' title="bbox 327 417 1092 485; baseline 0.004 -3"><span class='ocrx_word' id='word_1_1' title='bbox 327 417 563 482; x_wconf 73' lang='lat' dir='ltr'>ffin&#39;sslbos</span> <span class='ocrx_word' id='word_1_2' title='bbox 587 418 740 482; x_wconf 83' lang='lat' dir='ltr'>LIBER</span> <span class='ocrx_word' id='word_1_3' title='bbox 765 421 826 483; x_wconf 83' lang='lat' dir='ltr'>IX.</span> <span class='ocrx_word' id='word_1_4' title='bbox 1060 444 1092 485; x_wconf 87' lang='grc' dir='ltr'>ιι</span> 
     </span>
    </p>
   </div>
   <div class='ocr_carea' id='block_1_2' title="bbox 53 539 1148 1367">
    <p class='ocr_par' dir='ltr' id='par_1_2' title="bbox 53 539 1099 736">
     <span class='ocr_line' id='line_1_2' title="bbox 53 539 1099 629; baseline -0.002 -21"><span class='ocrx_word' id='word_1_5' title='bbox 53 543 155 608; x_wconf 88' lang='lat' dir='ltr'>Pinea</span> <span class='ocrx_word' id='word_1_6' title='bbox 167 543 246 607; x_wconf 79' lang='lat' dir='ltr'>silva</span> <span class='ocrx_word' id='word_1_7' title='bbox 259 541 490 620; x_wconf 89' lang='lat' dir='ltr'>mihi,multos</span> <span class='ocrx_word' id='word_1_8' title='bbox 503 539 621 607; x_wconf 87' lang='lat' dir='ltr'>dilecta</span> <span class='ocrx_word' id='word_1_9' title='bbox 635 565 694 629; x_wconf 88' lang='lat' dir='ltr'>per</span> <span class='ocrx_word' id='word_1_10' title='bbox 705 566 823 621; x_wconf 75' lang='lat' dir='ltr'>annoS,</span> <span class='ocrx_word' id='word_1_11' title='bbox 1069 554 1099 601; x_wconf 78' lang='lat' dir='ltr'>ts</span> 
     </span>
     <span class='ocr_line' id='line_1_3' title="bbox 53 647 911 736; baseline -0.001 -23"><span class='ocrx_word' id='word_1_12' title='bbox 53 648 66 675; x_wconf 72' lang='lat'>&#39;</span> <span class='ocrx_word' id='word_1_13' title='bbox 78 652 189 714; x_wconf 89' lang='lat' dir='ltr'>Lucus</span> <span class='ocrx_word' id='word_1_14' title='bbox 201 650 236 711; x_wconf 90' lang='lat' dir='ltr'>in</span> <span class='ocrx_word' id='word_1_15' title='bbox 246 670 322 711; x_wconf 88' lang='lat' dir='ltr'>arce</span> <span class='ocrx_word' id='word_1_16' title='bbox 333 648 398 713; x_wconf 81' lang='lat' dir='ltr'>fuit</span> <span class='ocrx_word' id='word_1_17' title='bbox 409 670 552 726; x_wconf 88' lang='lat' dir='ltr'>summa,</span> <span class='ocrx_word' id='word_1_18' title='bbox 565 670 634 736; x_wconf 93' lang='lat' dir='ltr'>quo</span> <span class='ocrx_word' id='word_1_19' title='bbox 646 670 736 712; x_wconf 84' lang='lat' dir='ltr'>sacta</span> <span class='ocrx_word' id='word_1_20' title='bbox 748 647 911 726; x_wconf 80' lang='lat' dir='ltr'>ferebant,</span> 
     </span>
    </p>

    <p class='ocr_par' dir='ltr' id='par_1_3' title="bbox 55 738 889 842">
     <span class='ocr_line' id='line_1_4' title="bbox 55 738 889 842; baseline -0.004 -24"><span class='ocrx_word' id='word_1_21' title='bbox 55 755 226 842; x_wconf 78' lang='lat' dir='ltr'>‘Nigranti</span> <span class='ocrx_word' id='word_1_22' title='bbox 238 755 331 841; x_wconf 88' lang='lat' dir='ltr'>picea</span> <span class='ocrx_word' id='word_1_23' title='bbox 346 752 560 842; x_wconf 83' lang='lat' dir='ltr'>trabibusque</span> <span class='ocrx_word' id='word_1_24' title='bbox 573 738 733 817; x_wconf 74' lang='lat' dir='ltr'>obscurus</span> <span class='ocrx_word' id='word_1_25' title='bbox 744 754 889 818; x_wconf 80' lang='lat' dir='ltr'>acernis:</span> 
     </span>
    </p>

    <p class='ocr_par' dir='ltr' id='par_1_4' title="bbox 57 858 895 948">
     <span class='ocr_line' id='line_1_5' title="bbox 57 858 895 948; baseline -0.002 -24"><span class='ocrx_word' id='word_1_26' title='bbox 57 862 125 924; x_wconf 86' lang='lat' dir='ltr'>Has</span> <span class='ocrx_word' id='word_1_27' title='bbox 137 883 199 947; x_wconf 76' lang='lat' dir='ltr'>ego</span> <span class='ocrx_word' id='word_1_28' title='bbox 211 858 377 923; x_wconf 82' lang='lat' dir='ltr'>Dardanio</span> <span class='ocrx_word' id='word_1_29' title='bbox 386 860 516 948; x_wconf 87' lang='lat' dir='ltr'>juveni,</span> <span class='ocrx_word' id='word_1_30' title='bbox 531 883 635 948; x_wconf 92' lang='lat' dir='ltr'>quum</span> <span class='ocrx_word' id='word_1_31' title='bbox 647 859 757 924; x_wconf 88' lang='lat' dir='ltr'>classis</span> <span class='ocrx_word' id='word_1_32' title='bbox 769 875 895 947; x_wconf 74' lang='lat' dir='ltr'>egeret,</span> 
     </span>
    </p>

    <p class='ocr_par' dir='ltr' id='par_1_5' title="bbox 58 964 921 1053">
     <span class='ocr_line' id='line_1_6' title="bbox 58 964 921 1053; baseline -0.006 -22"><span class='ocrx_word' id='word_1_33' title='bbox 58 969 146 1031; x_wconf 85' lang='lat' dir='ltr'>Laeta</span> <span class='ocrx_word' id='word_1_34' title='bbox 159 964 256 1030; x_wconf 86' lang='lat' dir='ltr'>dedi:</span> <span class='ocrx_word' id='word_1_35' title='bbox 270 988 359 1030; x_wconf 91' lang='lat' dir='ltr'>nunc</span> <span class='ocrx_word' id='word_1_36' title='bbox 371 965 543 1029; x_wconf 81' lang='lat' dir='ltr'>sollicitam</span> <span class='ocrx_word' id='word_1_37' title='bbox 556 965 656 1030; x_wconf 90' lang='lat' dir='ltr'>timor</span> <span class='ocrx_word' id='word_1_38' title='bbox 666 966 780 1028; x_wconf 81' lang='lat' dir='ltr'>anxius</span> <span class='ocrx_word' id='word_1_39' title='bbox 792 980 921 1053; x_wconf 79' lang='lat' dir='ltr'>urguet.</span> 
     </span>
    </p>

    <p class='ocr_par' dir='ltr' id='par_1_6' title="bbox 59 1069 1148 1265">
     <span class='ocr_line' id='line_1_7' title="bbox 59 1069 1148 1160; baseline -0.006 -24"><span class='ocrx_word' id='word_1_40' title='bbox 59 1072 153 1136; x_wconf 91' lang='lat' dir='ltr'>Solve</span> <span class='ocrx_word' id='word_1_41' title='bbox 166 1088 289 1149; x_wconf 89' lang='lat' dir='ltr'>metus,</span> <span class='ocrx_word' id='word_1_42' title='bbox 301 1087 401 1158; x_wconf 86' lang='lat' dir='ltr'>atque</span> <span class='ocrx_word' id='word_1_43' title='bbox 413 1069 478 1134; x_wconf 89' lang='lat' dir='ltr'>hoc</span> <span class='ocrx_word' id='word_1_44' title='bbox 489 1070 643 1158; x_wconf 87' lang='lat' dir='ltr'>precibus</span> <span class='ocrx_word' id='word_1_45' title='bbox 656 1072 727 1134; x_wconf 90' lang='lat' dir='ltr'>sine</span> <span class='ocrx_word' id='word_1_46' title='bbox 739 1092 837 1158; x_wconf 88' lang='lat' dir='ltr'>posse</span> <span class='ocrx_word' id='word_1_47' title='bbox 848 1085 1035 1160; x_wconf 89' lang='lat' dir='ltr'>parentem,</span> <span class='ocrx_word' id='word_1_48' title='bbox 1070 1097 1101 1142; x_wconf 79' lang='lat'>90</span> <span class='ocrx_word' id='word_1_49' title='bbox 1132 1090 1148 1131; x_wconf 68' lang='lat' dir='ltr'>r</span> 
     </span>
     <span class='ocr_line' id='line_1_8' title="bbox 59 1176 813 1265; baseline -0.003 -25"><span class='ocrx_word' id='word_1_50' title='bbox 59 1179 107 1241; x_wconf 88' lang='lat' dir='ltr'>Ne</span> <span class='ocrx_word' id='word_1_51' title='bbox 119 1199 218 1242; x_wconf 87' lang='lat' dir='ltr'>cursu</span> <span class='ocrx_word' id='word_1_52' title='bbox 230 1192 389 1265; x_wconf 74' lang='lat' dir='ltr'>quassatae</span> <span class='ocrx_word' id='word_1_53' title='bbox 402 1176 487 1255; x_wconf 91' lang='lat' dir='ltr'>ullo,</span> <span class='ocrx_word' id='word_1_54' title='bbox 501 1199 567 1240; x_wconf 91' lang='lat' dir='ltr'>neu</span> <span class='ocrx_word' id='word_1_55' title='bbox 580 1176 711 1240; x_wconf 90' lang='lat' dir='ltr'>turbine</span> <span class='ocrx_word' id='word_1_56' title='bbox 723 1177 813 1239; x_wconf 85' lang='lat' dir='ltr'>venti</span> 
     </span>
    </p>

    <p class='ocr_par' dir='ltr' id='par_1_7' title="bbox 60 1280 870 1367">
     <span class='ocr_line' id='line_1_9' title="bbox 60 1280 870 1367; baseline 0 -24"><span class='ocrx_word' id='word_1_57' title='bbox 60 1282 256 1360; x_wconf 81' lang='lat' dir='ltr'>Vincantur3</span> <span class='ocrx_word' id='word_1_58' title='bbox 268 1281 373 1367; x_wconf 87' lang='lat' dir='ltr'>prosit</span> <span class='ocrx_word' id='word_1_59' title='bbox 384 1281 505 1345; x_wconf 88' lang='lat' dir='ltr'>nostris</span> <span class='ocrx_word' id='word_1_60' title='bbox 518 1282 552 1343; x_wconf 87' lang='lat' dir='ltr'>in</span> <span class='ocrx_word' id='word_1_61' title='bbox 564 1280 732 1345; x_wconf 90' lang='lat' dir='ltr'>montibus</span> <span class='ocrx_word' id='word_1_62' title='bbox 745 1297 841 1344; x_wconf 78' lang='lat' dir='ltr'>ortas</span> <span class='ocrx_word' id='word_1_63' title='bbox 857 1308 870 1337; x_wconf 75' lang='lat' dir='ltr'>n</span> 
     </span>
    </p>
   </div>
   <div class='ocr_carea' id='block_1_3' title="bbox 61 1469 1106 1820">
    <p class='ocr_par' dir='ltr' id='par_1_8' title="bbox 61 1469 1106 1820">
     <span class='ocr_line' id='line_1_10' title="bbox 61 1469 1105 1535; baseline -0.003 -17"><span class='ocrx_word' id='word_1_64' title='bbox 61 1487 95 1528; x_wconf 85' lang='lat' dir='ltr'>se;</span> <span class='ocrx_word' id='word_1_65' title='bbox 106 1472 148 1518; x_wconf 83' lang='lat' dir='ltr'>sed</span> <span class='ocrx_word' id='word_1_66' title='bbox 160 1471 223 1516; x_wconf 82' lang='lat' dir='ltr'>coni.</span> <span class='ocrx_word' id='word_1_67' title='bbox 234 1472 288 1516; x_wconf 86' lang='lat' dir='ltr'>Not.</span> <span class='ocrx_word' id='word_1_68' title='bbox 301 1497 332 1506; x_wconf 89' lang='lat'>-</span> <span class='ocrx_word' id='word_1_69' title='bbox 344 1471 381 1517; x_wconf 76' lang='lat'>85.</span> <span class='ocrx_word' id='word_1_70' title='bbox 392 1471 478 1517; x_wconf 79' lang='lat' dir='ltr'>delecta</span> <span class='ocrx_word' id='word_1_71' title='bbox 488 1472 575 1518; x_wconf 82' lang='lat' dir='ltr'>Medic.</span> <span class='ocrx_word' id='word_1_72' title='bbox 586 1488 640 1518; x_wconf 86' lang='lat' dir='ltr'>curn</span> <span class='ocrx_word' id='word_1_73' title='bbox 655 1475 732 1535; x_wconf 90' lang='lat' dir='ltr'>Sprot.</span> <span class='ocrx_word' id='word_1_74' title='bbox 743 1484 767 1518; x_wconf 88' lang='lat' dir='ltr'>et</span> <span class='ocrx_word' id='word_1_75' title='bbox 782 1469 891 1517; x_wconf 75' lang='lat' dir='ltr'>bottend.</span> <span class='ocrx_word' id='word_1_76' title='bbox 904 1486 939 1532; x_wconf 93' lang='lat' dir='ltr'>pr.</span> <span class='ocrx_word' id='word_1_77' title='bbox 950 1495 982 1506; x_wconf 92' lang='lat'>-·</span> <span class='ocrx_word' id='word_1_78' title='bbox 992 1469 1031 1516; x_wconf 76' lang='lat'>⁸6.</span> <span class='ocrx_word' id='word_1_79' title='bbox 1044 1478 1105 1516; x_wconf 80' lang='lat' dir='ltr'>tens·</span> 
     </span>
     <span class='ocr_line' id='line_1_11' title="bbox 61 1540 1105 1604; baseline -0.002 -18"><span class='ocrx_word' id='word_1_80' title='bbox 61 1541 112 1586; x_wconf 83' lang='lat' dir='ltr'>bont</span> <span class='ocrx_word' id='word_1_81' title='bbox 122 1541 184 1586; x_wconf 89' lang='lat' dir='ltr'>Gud.</span> <span class='ocrx_word' id='word_1_82' title='bbox 198 1558 211 1586; x_wconf 91' lang='lat' dir='ltr'>a</span> <span class='ocrx_word' id='word_1_83' title='bbox 223 1557 253 1585; x_wconf 89' lang='lat' dir='ltr'>m.</span> <span class='ocrx_word' id='word_1_84' title='bbox 267 1558 303 1604; x_wconf 90' lang='lat' dir='ltr'>pr.</span> <span class='ocrx_word' id='word_1_85' title='bbox 314 1541 427 1604; x_wconf 81' lang='lat' dir='ltr'>parabant</span> <span class='ocrx_word' id='word_1_86' title='bbox 437 1541 525 1588; x_wconf 87' lang='lat' dir='ltr'>Zulicb.</span> <span class='ocrx_word' id='word_1_87' title='bbox 538 1543 646 1588; x_wconf 85' lang='lat' dir='ltr'>Ceterum</span> <span class='ocrx_word' id='word_1_88' title='bbox 661 1543 691 1586; x_wconf 88' lang='lat' dir='ltr'>ad</span> <span class='ocrx_word' id='word_1_89' title='bbox 700 1542 742 1587; x_wconf 85' lang='lat' dir='ltr'>hos</span> <span class='ocrx_word' id='word_1_90' title='bbox 753 1556 833 1587; x_wconf 75' lang='lat' dir='ltr'>versus</span> <span class='ocrx_word' id='word_1_91' title='bbox 845 1541 882 1586; x_wconf 74' lang='lat'>85.</span> <span class='ocrx_word' id='word_1_92' title='bbox 896 1540 933 1586; x_wconf 79' lang='lat'>86.</span> <span class='ocrx_word' id='word_1_93' title='bbox 946 1540 975 1601; x_wconf 85' lang='lat'>87</span> <span class='ocrx_word' id='word_1_94' title='bbox 988 1541 1105 1586; x_wconf 84' lang='lat' dir='ltr'>nerninem</span> 
     </span>
     <span class='ocr_line' id='line_1_12' title="bbox 62 1610 1105 1670; baseline 0 -13"><span class='ocrx_word' id='word_1_95' title='bbox 62 1613 184 1658; x_wconf 76' lang='lat' dir='ltr'>offendisse</span> <span class='ocrx_word' id='word_1_96' title='bbox 196 1615 276 1658; x_wconf 89' lang='lat' dir='ltr'>miror.</span> <span class='ocrx_word' id='word_1_97' title='bbox 289 1615 342 1658; x_wconf 77' lang='lat' dir='ltr'>Esse</span> <span class='ocrx_word' id='word_1_98' title='bbox 352 1616 414 1658; x_wconf 88' lang='lat' dir='ltr'>enim</span> <span class='ocrx_word' id='word_1_99' title='bbox 424 1612 514 1659; x_wconf 84' lang='lat' dir='ltr'>hiulcos</span> <span class='ocrx_word' id='word_1_100' title='bbox 524 1625 547 1659; x_wconf 90' lang='lat' dir='ltr'>et</span> <span class='ocrx_word' id='word_1_101' title='bbox 556 1614 662 1670; x_wconf 84' lang='lat' dir='ltr'>scabros,</span> <span class='ocrx_word' id='word_1_102' title='bbox 675 1629 719 1660; x_wconf 87' lang='lat' dir='ltr'>nec</span> <span class='ocrx_word' id='word_1_103' title='bbox 730 1613 844 1660; x_wconf 85' lang='lat' dir='ltr'>sententia</span> <span class='ocrx_word' id='word_1_104' title='bbox 854 1610 971 1657; x_wconf 82' lang='lat' dir='ltr'>cobaerere</span> <span class='ocrx_word' id='word_1_105' title='bbox 983 1626 1035 1656; x_wconf 85' lang='lat' dir='ltr'>cum</span> <span class='ocrx_word' id='word_1_106' title='bbox 1046 1622 1105 1657; x_wconf 81' lang='lat' dir='ltr'>cete·</span> 
     </span>
     <span class='ocr_line' id='line_1_13' title="bbox 61 1681 1105 1747; baseline -0.001 -19"><span class='ocrx_word' id='word_1_107' title='bbox 61 1685 101 1738; x_wconf 87' lang='lat' dir='ltr'>rit,</span> <span class='ocrx_word' id='word_1_108' title='bbox 116 1684 146 1728; x_wconf 92' lang='lat' dir='ltr'>ad</span> <span class='ocrx_word' id='word_1_109' title='bbox 158 1698 251 1729; x_wconf 89' lang='lat' dir='ltr'>sensum</span> <span class='ocrx_word' id='word_1_110' title='bbox 263 1683 368 1745; x_wconf 85' lang='lat' dir='ltr'>proclive</span> <span class='ocrx_word' id='word_1_111' title='bbox 381 1696 430 1730; x_wconf 84' lang='lat' dir='ltr'>est:</span> <span class='ocrx_word' id='word_1_112' title='bbox 443 1687 510 1747; x_wconf 79' lang='lat' dir='ltr'>pinea</span> <span class='ocrx_word' id='word_1_113' title='bbox 520 1683 577 1730; x_wconf 74' lang='lat' dir='ltr'>stoa</span> <span class='ocrx_word' id='word_1_114' title='bbox 593 1683 766 1730; x_wconf 70' lang='lat' dir='ltr'>ruht-Lucus</span> <span class='ocrx_word' id='word_1_115' title='bbox 783 1687 806 1735; x_wconf 80' lang='lat' dir='ltr'>itt</span> <span class='ocrx_word' id='word_1_116' title='bbox 820 1698 873 1729; x_wconf 81' lang='lat' dir='ltr'>ome</span> <span class='ocrx_word' id='word_1_117' title='bbox 882 1681 982 1745; x_wconf 46' lang='grc' dir='ltr'>Μή</span> <span class='ocrx_word' id='word_1_118' title='bbox 993 1696 1105 1744; x_wconf 85' lang='lat' dir='ltr'>quorsum</span> 
     </span>
     <span class='ocr_line' id='line_1_14' title="bbox 63 1753 1106 1820; baseline 0.001 -22"><span class='ocrx_word' id='word_1_119' title='bbox 63 1769 120 1800; x_wconf 88' lang='lat' dir='ltr'>nunc</span> <span class='ocrx_word' id='word_1_120' title='bbox 128 1768 270 1801; x_wconf 87' lang='lat' dir='ltr'>memoratur</span> <span class='ocrx_word' id='word_1_121' title='bbox 283 1754 347 1801; x_wconf 82' lang='lat' dir='ltr'>lucus</span> <span class='ocrx_word' id='word_1_122' title='bbox 359 1760 421 1802; x_wconf 80' lang='lat' dir='ltr'>inan</span> <span class='ocrx_word' id='word_1_123' title='bbox 428 1772 452 1812; x_wconf 86' lang='lat' dir='ltr'>e,</span> <span class='ocrx_word' id='word_1_124' title='bbox 467 1774 539 1820; x_wconf 88' lang='lat' dir='ltr'>quum</span> <span class='ocrx_word' id='word_1_125' title='bbox 549 1759 574 1802; x_wconf 87' lang='lat' dir='ltr'>in</span> <span class='ocrx_word' id='word_1_126' title='bbox 583 1758 623 1803; x_wconf 89' lang='lat' dir='ltr'>lda</span> <span class='ocrx_word' id='word_1_127' title='bbox 633 1757 664 1802; x_wconf 89' lang='lat' dir='ltr'>ad</span> <span class='ocrx_word' id='word_1_128' title='bbox 674 1756 817 1802; x_wconf 80' lang='lat' dir='ltr'><strong>Antandrum</strong></span> <span class='ocrx_word' id='word_1_129' title='bbox 825 1755 903 1802; x_wconf 87' lang='lat' dir='ltr'>classis</span> <span class='ocrx_word' id='word_1_130' title='bbox 910 1754 1021 1800; x_wconf 79' lang='lat' dir='ltr'>aedificata</span> <span class='ocrx_word' id='word_1_131' title='bbox 1030 1753 1106 1800; x_wconf 78' lang='lat' dir='ltr'>esset?</span> 
     </span>
    </p>
   </div>
   <div class='ocr_carea' id='block_1_4' title="bbox 61 1826 1112 3159">
    <p class='ocr_par' dir='ltr' id='par_1_9' title="bbox 61 1826 1112 3159">
     <span class='ocr_line' id='line_1_15' title="bbox 63 1826 1106 1891; baseline -0.002 -21"><span class='ocrx_word' id='word_1_132' title='bbox 63 1839 102 1871; x_wconf 86' lang='lat' dir='ltr'>nec</span> <span class='ocrx_word' id='word_1_133' title='bbox 110 1830 135 1871; x_wconf 89' lang='lat' dir='ltr'>in</span> <span class='ocrx_word' id='word_1_134' title='bbox 148 1828 252 1890; x_wconf 81' lang='lat' dir='ltr'><strong>acropoli</strong></span> <span class='ocrx_word' id='word_1_135' title='bbox 264 1827 301 1873; x_wconf 87' lang='lat' dir='ltr'>llii</span> <span class='ocrx_word' id='word_1_136' title='bbox 313 1844 369 1874; x_wconf 80' lang='lat' dir='ltr'>coesa</span> <span class='ocrx_word' id='word_1_137' title='bbox 381 1844 431 1875; x_wconf 86' lang='lat' dir='ltr'>esse</span> <span class='ocrx_word' id='word_1_138' title='bbox 443 1831 519 1891; x_wconf 88' lang='lat' dir='ltr'>potuit</span> <span class='ocrx_word' id='word_1_139' title='bbox 531 1831 639 1874; x_wconf 85' lang='lat' dir='ltr'>materies</span> <span class='ocrx_word' id='word_1_140' title='bbox 650 1831 754 1884; x_wconf 86' lang='lat' dir='ltr'>navium,</span> <span class='ocrx_word' id='word_1_141' title='bbox 766 1826 824 1873; x_wconf 85' lang='lat' dir='ltr'>alter</span> <span class='ocrx_word' id='word_1_142' title='bbox 836 1829 918 1889; x_wconf 86' lang='lat' dir='ltr'>utique</span> <span class='ocrx_word' id='word_1_143' title='bbox 928 1839 1007 1871; x_wconf 83' lang='lat' dir='ltr'>versus</span> <span class='ocrx_word' id='word_1_144' title='bbox 1017 1826 1106 1870; x_wconf 83' lang='lat' dir='ltr'>rescin-</span> 
     </span>
     <span class='ocr_line' id='line_1_16' title="bbox 64 1889 1107 1962; baseline -0.002 -24"><span class='ocrx_word' id='word_1_145' title='bbox 64 1894 149 1942; x_wconf 86' lang='lat' dir='ltr'>dendus</span> <span class='ocrx_word' id='word_1_146' title='bbox 160 1911 216 1942; x_wconf 91' lang='lat' dir='ltr'>erat.</span> <span class='ocrx_word' id='word_1_147' title='bbox 232 1900 279 1943; x_wconf 87' lang='lat' dir='ltr'>Nec</span> <span class='ocrx_word' id='word_1_148' title='bbox 291 1901 345 1944; x_wconf 85' lang='lat' dir='ltr'>satis</span> <span class='ocrx_word' id='word_1_149' title='bbox 357 1889 538 1945; x_wconf 75' lang='lat' dir='ltr'>consentaneum</span> <span class='ocrx_word' id='word_1_150' title='bbox 545 1934 552 1955; x_wconf 96' lang='lat'>,</span> <span class='ocrx_word' id='word_1_151' title='bbox 564 1902 582 1945; x_wconf 90' lang='lat' dir='ltr'>si</span> <span class='ocrx_word' id='word_1_152' title='bbox 593 1902 683 1962; x_wconf 84' lang='lat' dir='ltr'>pineum</span> <span class='ocrx_word' id='word_1_153' title='bbox 692 1897 772 1945; x_wconf 83' lang='lat' dir='ltr'>silvam</span> <span class='ocrx_word' id='word_1_154' title='bbox 785 1896 856 1950; x_wconf 84' lang='lat' dir='ltr'>dixit,</span> <span class='ocrx_word' id='word_1_155' title='bbox 870 1894 969 1941; x_wconf 82' lang='lat' dir='ltr'>eandem</span> <span class='ocrx_word' id='word_1_156' title='bbox 980 1894 1056 1940; x_wconf 83' lang='lat' dir='ltr'>facere</span> <span class='ocrx_word' id='word_1_157' title='bbox 1066 1894 1107 1937; x_wconf 74' lang='lat' dir='ltr'>Ns</span> 
     </span>
     <span class='ocr_line' id='line_1_17' title="bbox 61 1961 1105 2030; baseline -0.005 -16"><span class='ocrx_word' id='word_1_158' title='bbox 61 1971 132 2029; x_wconf 74' lang='lat' dir='ltr'>qruott&#39;</span> <span class='ocrx_word' id='word_1_159' title='bbox 140 1972 205 2030; x_wconf 75' lang='lat' dir='ltr'>picea</span> <span class='ocrx_word' id='word_1_160' title='bbox 215 1978 239 2014; x_wconf 86' lang='lat' dir='ltr'>et</span> <span class='ocrx_word' id='word_1_161' title='bbox 248 1969 351 2015; x_wconf 73' lang='lat' dir='ltr'>oneribus</span> <span class='ocrx_word' id='word_1_162' title='bbox 359 1970 485 2016; x_wconf 81' lang='lat' dir='ltr'><strong><em>obscuram.</em></strong></span> <span class='ocrx_word' id='word_1_163' title='bbox 496 1971 620 2016; x_wconf 71' lang='lat' dir='ltr'>praestabat</span> <span class='ocrx_word' id='word_1_164' title='bbox 630 1969 709 2016; x_wconf 87' lang='lat' dir='ltr'>delere</span> <span class='ocrx_word' id='word_1_165' title='bbox 720 1969 767 2013; x_wconf 90' lang='lat' dir='ltr'>duo</span> <span class='ocrx_word' id='word_1_166' title='bbox 777 1983 868 2022; x_wconf 87' lang='lat' dir='ltr'>versus,</span> <span class='ocrx_word' id='word_1_167' title='bbox 883 1978 999 2027; x_wconf 88' lang='lat' dir='ltr'>tamquam</span> <span class='ocrx_word' id='word_1_168' title='bbox 1009 1961 1105 2009; x_wconf 77' lang='lat' dir='ltr'>aliunde</span> 
     </span>
     <span class='ocr_line' id='line_1_18' title="bbox 63 2032 1106 2102; baseline -0.005 -20"><span class='ocrx_word' id='word_1_169' title='bbox 63 2040 85 2082; x_wconf 91' lang='lat' dir='ltr'>in</span> <span class='ocrx_word' id='word_1_170' title='bbox 96 2042 199 2100; x_wconf 74' lang='lat' dir='ltr'>margine.</span> <span class='ocrx_word' id='word_1_171' title='bbox 212 2044 329 2102; x_wconf 81' lang='lat' dir='ltr'>appictos,</span> <span class='ocrx_word' id='word_1_172' title='bbox 348 2054 437 2088; x_wconf 88' lang='lat' dir='ltr'>mutato</span> <span class='ocrx_word' id='word_1_173' title='bbox 449 2057 514 2097; x_wconf 84' lang='lat' dir='ltr'>mot,</span> <span class='ocrx_word' id='word_1_174' title='bbox 528 2044 557 2087; x_wconf 89' lang='lat' dir='ltr'>iis</span> <span class='ocrx_word' id='word_1_175' title='bbox 568 2041 651 2098; x_wconf 87' lang='lat' dir='ltr'>illatis,</span> <span class='ocrx_word' id='word_1_176' title='bbox 668 2056 722 2100; x_wconf 66' lang='lat' dir='ltr'>roc.</span> <span class='ocrx_word' id='word_1_177' title='bbox 735 2041 838 2084; x_wconf 81' lang='lat' dir='ltr'>Huncin</span> <span class='ocrx_word' id='word_1_178' title='bbox 853 2039 916 2091; x_wconf 84' lang='lat' dir='ltr'>Hos,·</span> <span class='ocrx_word' id='word_1_179' title='bbox 935 2035 1016 2082; x_wconf 86' lang='lat' dir='ltr'>saltem</span> <span class='ocrx_word' id='word_1_180' title='bbox 1028 2032 1106 2078; x_wconf 82' lang='lat' dir='ltr'>inclu-</span> 
     </span>
     <span class='ocr_line' id='line_1_19' title="bbox 63 2103 1107 2174; baseline -0.021 -7"><span class='ocrx_word' id='word_1_181' title='bbox 63 2107 115 2154; x_wconf 59' lang='lat' dir='ltr'>des?</span> <span class='ocrx_word' id='word_1_182' title='bbox 125 2124 177 2164; x_wconf 71' lang='lat'>⁰⁰⁸2</span> <span class='ocrx_word' id='word_1_183' title='bbox 187 2122 304 2172; x_wconf 64' lang='lat' dir='ltr'>tamquam</span> <span class='ocrx_word' id='word_1_184' title='bbox 314 2129 326 2156; x_wconf 92' lang='lat' dir='ltr'>a</span> <span class='ocrx_word' id='word_1_185' title='bbox 337 2125 405 2174; x_wconf 90' lang='lat' dir='ltr'>poeta</span> <span class='ocrx_word' id='word_1_186' title='bbox 416 2124 547 2168; x_wconf 72' lang='lat' dir='ltr'>narratore,</span> <span class='ocrx_word' id='word_1_187' title='bbox 560 2111 589 2157; x_wconf 89' lang='lat' dir='ltr'>ad</span> <span class='ocrx_word' id='word_1_188' title='bbox 599 2112 816 2173; x_wconf 75' lang='lat' dir='ltr'>interpretationem</span> <span class='ocrx_word' id='word_1_189' title='bbox 826 2109 937 2160; x_wconf 84' lang='lat' dir='ltr'>insertos,</span> <span class='ocrx_word' id='word_1_190' title='bbox 947 2103 1044 2150; x_wconf 84' lang='lat' dir='ltr'>inbono</span> <span class='ocrx_word' id='word_1_191' title='bbox 1056 2117 1107 2147; x_wconf 85' lang='lat' dir='ltr'>uto-</span> 
     </span>
     <span class='ocr_line' id='line_1_20' title="bbox 64 2172 1107 2244; baseline -0.007 -20"><span class='ocrx_word' id='word_1_192' title='bbox 64 2177 116 2223; x_wconf 86' lang='lat' dir='ltr'>dum</span> <span class='ocrx_word' id='word_1_193' title='bbox 127 2195 132 2225; x_wconf 96' lang='lat'><strong>:</strong></span> <span class='ocrx_word' id='word_1_194' title='bbox 145 2180 215 2224; x_wconf 71' lang='lat' dir='ltr'>Pinea</span> <span class='ocrx_word' id='word_1_195' title='bbox 225 2179 283 2226; x_wconf 75' lang='lat' dir='ltr'>siloa</span> <span class='ocrx_word' id='word_1_196' title='bbox 297 2182 351 2227; x_wconf 74' lang='lat' dir='ltr'>miii</span> <span class='ocrx_word' id='word_1_197' title='bbox 361 2179 444 2228; x_wconf 82' lang='lat' dir='ltr'>multos</span> <span class='ocrx_word' id='word_1_198' title='bbox 458 2180 539 2227; x_wconf 82' lang='lat' dir='ltr'>dilecta</span> <span class='ocrx_word' id='word_1_199' title='bbox 555 2196 597 2244; x_wconf 85' lang='lat' dir='ltr'>per</span> <span class='ocrx_word' id='word_1_200' title='bbox 613 2196 685 2227; x_wconf 81' lang='lat' dir='ltr'>annos</span> <span class='ocrx_word' id='word_1_201' title='bbox 696 2182 786 2239; x_wconf 81' lang='lat' dir='ltr'>(Locus</span> <span class='ocrx_word' id='word_1_202' title='bbox 803 2182 826 2223; x_wconf 81' lang='lat' dir='ltr'>itt</span> <span class='ocrx_word' id='word_1_203' title='bbox 842 2192 894 2223; x_wconf 83' lang='lat' dir='ltr'>ome</span> <span class='ocrx_word' id='word_1_204' title='bbox 906 2172 1107 2238; x_wconf 81' lang='lat' dir='ltr'>fuit-obscurus</span> 
     </span>
     <span class='ocr_line' id='line_1_21' title="bbox 63 2245 1108 2315; baseline -0.01 -18"><span class='ocrx_word' id='word_1_205' title='bbox 63 2251 161 2307; x_wconf 61' lang='lat' dir='ltr'>monas)</span> <span class='ocrx_word' id='word_1_206' title='bbox 170 2252 236 2296; x_wconf 82' lang='lat' dir='ltr'>Hanc</span> <span class='ocrx_word' id='word_1_207' title='bbox 243 2267 282 2315; x_wconf 75' lang='lat' dir='ltr'>eqo</span> <span class='ocrx_word' id='word_1_208' title='bbox 290 2253 319 2299; x_wconf 87' lang='lat' dir='ltr'>D.</span> <span class='ocrx_word' id='word_1_209' title='bbox 328 2254 430 2309; x_wconf 87' lang='lat' dir='ltr'>Verum,</span> <span class='ocrx_word' id='word_1_210' title='bbox 438 2265 463 2298; x_wconf 91' lang='lat' dir='ltr'>ut</span> <span class='ocrx_word' id='word_1_211' title='bbox 471 2252 584 2308; x_wconf 84' lang='lat' dir='ltr'>diximus,</span> <span class='ocrx_word' id='word_1_212' title='bbox 591 2268 686 2315; x_wconf 86' lang='lat' dir='ltr'>prorsus</span> <span class='ocrx_word' id='word_1_213' title='bbox 693 2264 748 2298; x_wconf 86' lang='lat' dir='ltr'>sunt</span> <span class='ocrx_word' id='word_1_214' title='bbox 756 2249 826 2297; x_wconf 84' lang='lat' dir='ltr'>alieni</span> <span class='ocrx_word' id='word_1_215' title='bbox 835 2250 864 2294; x_wconf 88' lang='lat' dir='ltr'>ab</span> <span class='ocrx_word' id='word_1_216' title='bbox 873 2248 898 2293; x_wconf 86' lang='lat' dir='ltr'>h.</span> <span class='ocrx_word' id='word_1_217' title='bbox 908 2246 924 2292; x_wconf 90' lang='lat' dir='ltr'>l.</span> <span class='ocrx_word' id='word_1_218' title='bbox 936 2271 968 2282; x_wconf 84' lang='lat'><em>-</em></span> <span class='ocrx_word' id='word_1_219' title='bbox 979 2245 1017 2305; x_wconf 80' lang='lat'>89.</span> <span class='ocrx_word' id='word_1_220' title='bbox 1025 2245 1108 2288; x_wconf 80' lang='lat' dir='ltr'>arixius</span> 
     </span>
     <span class='ocr_line' id='line_1_22' title="bbox 63 2319 1107 2384; baseline -0.009 -17"><span class='ocrx_word' id='word_1_221' title='bbox 63 2325 121 2384; x_wconf 75' lang='lat' dir='ltr'>eupit</span> <span class='ocrx_word' id='word_1_222' title='bbox 131 2323 261 2368; x_wconf 82' lang='lat' dir='ltr'>retinuerat</span> <span class='ocrx_word' id='word_1_223' title='bbox 272 2323 352 2370; x_wconf 79' lang='lat' dir='ltr'>lisine.</span> <span class='ocrx_word' id='word_1_224' title='bbox 365 2324 473 2370; x_wconf 88' lang='lat' dir='ltr'>codicum</span> <span class='ocrx_word' id='word_1_225' title='bbox 489 2326 593 2370; x_wconf 88' lang='lat' dir='ltr'>omnium</span> <span class='ocrx_word' id='word_1_226' title='bbox 608 2337 632 2370; x_wconf 87' lang='lat' dir='ltr'>et</span> <span class='ocrx_word' id='word_1_227' title='bbox 643 2326 704 2370; x_wconf 88' lang='lat' dir='ltr'>Pier.</span> <span class='ocrx_word' id='word_1_228' title='bbox 722 2335 744 2369; x_wconf 86' lang='lat' dir='ltr'>et</span> <span class='ocrx_word' id='word_1_229' title='bbox 760 2337 855 2368; x_wconf 86' lang='lat' dir='ltr'>suorum</span> <span class='ocrx_word' id='word_1_230' title='bbox 867 2319 1004 2365; x_wconf 86' lang='lat' dir='ltr'>auctoritate</span> <span class='ocrx_word' id='word_1_231' title='bbox 1015 2327 1107 2361; x_wconf 86' lang='lat' dir='ltr'>motus:</span> 
     </span>
     <span class='ocr_line' id='line_1_23' title="bbox 64 2384 1109 2457; baseline -0.011 -16"><span class='ocrx_word' id='word_1_232' title='bbox 64 2394 109 2437; x_wconf 80' lang='lat' dir='ltr'>uno</span> <span class='ocrx_word' id='word_1_233' title='bbox 125 2393 191 2438; x_wconf 86' lang='lat' dir='ltr'>Voss.</span> <span class='ocrx_word' id='word_1_234' title='bbox 210 2408 256 2438; x_wconf 84' lang='lat' dir='ltr'>sec.</span> <span class='ocrx_word' id='word_1_235' title='bbox 277 2406 387 2457; x_wconf 85' lang='lat' dir='ltr'>excepto,</span> <span class='ocrx_word' id='word_1_236' title='bbox 402 2397 441 2440; x_wconf 87' lang='lat' dir='ltr'>cui</span> <span class='ocrx_word' id='word_1_237' title='bbox 452 2393 513 2441; x_wconf 92' lang='lat' dir='ltr'>adde</span> <span class='ocrx_word' id='word_1_238' title='bbox 525 2394 594 2440; x_wconf 87' lang='lat' dir='ltr'>Goth.</span> <span class='ocrx_word' id='word_1_239' title='bbox 608 2407 673 2451; x_wconf 79' lang='lat' dir='ltr'>tert,</span> <span class='ocrx_word' id='word_1_240' title='bbox 686 2394 810 2456; x_wconf 87' lang='lat' dir='ltr'>inquibus</span> <span class='ocrx_word' id='word_1_241' title='bbox 823 2399 885 2455; x_wconf 80' lang='lat' dir='ltr'>ttrqet</span> <span class='ocrx_word' id='word_1_242' title='bbox 896 2390 1025 2451; x_wconf 88' lang='lat' dir='ltr'>reperitur,</span> <span class='ocrx_word' id='word_1_243' title='bbox 1044 2384 1109 2448; x_wconf 91' lang='lat' dir='ltr'>quod</span> 
     </span>
     <span class='ocr_line' id='line_1_24' title="bbox 64 2456 1108 2530; baseline -0.008 -22"><span class='ocrx_word' id='word_1_244' title='bbox 64 2475 115 2508; x_wconf 80' lang='lat' dir='ltr'>vett.</span> <span class='ocrx_word' id='word_1_245' title='bbox 129 2462 184 2509; x_wconf 82' lang='lat' dir='ltr'>edd.</span> <span class='ocrx_word' id='word_1_246' title='bbox 198 2477 309 2527; x_wconf 86' lang='lat' dir='ltr'>occupat,</span> <span class='ocrx_word' id='word_1_247' title='bbox 322 2481 365 2512; x_wconf 88' lang='lat' dir='ltr'>nec</span> <span class='ocrx_word' id='word_1_248' title='bbox 377 2465 448 2512; x_wconf 88' lang='lat' dir='ltr'>modo</span> <span class='ocrx_word' id='word_1_249' title='bbox 457 2468 514 2511; x_wconf 59' lang='lat' dir='ltr'>Sao?</span> <span class='ocrx_word' id='word_1_250' title='bbox 525 2467 590 2522; x_wconf 82' lang='lat' dir='ltr'>XVI,</span> <span class='ocrx_word' id='word_1_251' title='bbox 603 2466 668 2530; x_wconf 89' lang='lat' dir='ltr'>quod</span> <span class='ocrx_word' id='word_1_252' title='bbox 684 2467 763 2511; x_wconf 85' lang='lat' dir='ltr'>Heius.</span> <span class='ocrx_word' id='word_1_253' title='bbox 775 2463 885 2526; x_wconf 75' lang='lat' dir='ltr'>putabat,</span> <span class='ocrx_word' id='word_1_254' title='bbox 904 2476 984 2507; x_wconf 85' lang='lat' dir='ltr'>verum</span> <span class='ocrx_word' id='word_1_255' title='bbox 997 2461 1052 2504; x_wconf 84' lang='lat' dir='ltr'>Stec.</span> <span class='ocrx_word' id='word_1_256' title='bbox 1067 2456 1108 2502; x_wconf 86' lang='lat' dir='ltr'>XV</span> 
     </span>
     <span class='ocr_line' id='line_1_25' title="bbox 63 2529 1109 2599; baseline -0.019 -6"><span class='ocrx_word' id='word_1_257' title='bbox 63 2550 169 2598; x_wconf 68' lang='lat' dir='ltr'><strong>‘1¹¹⁰un</strong></span> <span class='ocrx_word' id='word_1_258' title='bbox 187 2548 214 2580; x_wconf 73' lang='lat'>¹¹1</span> <span class='ocrx_word' id='word_1_259' title='bbox 226 2537 285 2582; x_wconf 65' lang='lat' dir='ltr'>Veh·</span> <span class='ocrx_word' id='word_1_260' title='bbox 302 2536 372 2594; x_wconf 68' lang='grc'><strong>1484,</strong></span> <span class='ocrx_word' id='word_1_261' title='bbox 392 2537 463 2594; x_wconf 73' lang='lat'>1486,</span> <span class='ocrx_word' id='word_1_262' title='bbox 479 2537 549 2599; x_wconf 69' lang='lat'>1495,</span> <span class='ocrx_word' id='word_1_263' title='bbox 561 2538 665 2583; x_wconf 84' lang='lat' dir='ltr'>Norimb.</span> <span class='ocrx_word' id='word_1_264' title='bbox 682 2535 738 2598; x_wconf 71' lang='lat'>¹49²</span> <span class='ocrx_word' id='word_1_265' title='bbox 752 2548 810 2592; x_wconf 75' lang='lat' dir='ltr'>eto,</span> <span class='ocrx_word' id='word_1_266' title='bbox 830 2536 899 2581; x_wconf 81' lang='lat' dir='ltr'>etiam</span> <span class='ocrx_word' id='word_1_267' title='bbox 911 2531 966 2578; x_wconf 88' lang='lat' dir='ltr'>edd.</span> <span class='ocrx_word' id='word_1_268' title='bbox 977 2547 990 2576; x_wconf 88' lang='lat' dir='ltr'>e</span> <span class='ocrx_word' id='word_1_269' title='bbox 1002 2545 1048 2576; x_wconf 86' lang='lat' dir='ltr'>rec.</span> <span class='ocrx_word' id='word_1_270' title='bbox 1061 2529 1109 2590; x_wconf 73' lang='lat' dir='ltr'>Eq-</span> 
     </span>
     <span class='ocr_line' id='line_1_26' title="bbox 64 2599 1112 2672; baseline -0.006 -22"><span class='ocrx_word' id='word_1_271' title='bbox 64 2607 130 2662; x_wconf 86' lang='lat' dir='ltr'>natii,</span> <span class='ocrx_word' id='word_1_272' title='bbox 151 2618 174 2652; x_wconf 88' lang='lat' dir='ltr'>et</span> <span class='ocrx_word' id='word_1_273' title='bbox 190 2608 299 2653; x_wconf 85' lang='lat' dir='ltr'>Juntinas</span> <span class='ocrx_word' id='word_1_274' title='bbox 318 2620 361 2654; x_wconf 88' lang='lat' dir='ltr'>etc.</span> <span class='ocrx_word' id='word_1_275' title='bbox 381 2609 470 2655; x_wconf 83' lang='lat' dir='ltr'>Laudat</span> <span class='ocrx_word' id='word_1_276' title='bbox 482 2611 560 2655; x_wconf 80' lang='lat' dir='ltr'>burm.</span> <span class='ocrx_word' id='word_1_277' title='bbox 573 2609 672 2672; x_wconf 84' lang='lat' dir='ltr'>probae</span> <span class='ocrx_word' id='word_1_278' title='bbox 684 2608 785 2654; x_wconf 86' lang='lat' dir='ltr'>lectione</span> <span class='ocrx_word' id='word_1_279' title='bbox 802 2622 872 2653; x_wconf 88' lang='lat' dir='ltr'>uuam</span> <span class='ocrx_word' id='word_1_280' title='bbox 886 2603 992 2650; x_wconf 75' lang='lat' dir='ltr'>Aldinam</span> <span class='ocrx_word' id='word_1_281' title='bbox 1004 2617 1009 2646; x_wconf 76' lang='grc' dir='ltr'><strong>ε</strong></span> <span class='ocrx_word' id='word_1_282' title='bbox 1021 2599 1112 2649; x_wconf 80' lang='lat' dir='ltr'>scilicet</span> 
     </span>
     <span class='ocr_line' id='line_1_27' title="bbox 63 2669 1110 2742; baseline -0.009 -20"><span class='ocrx_word' id='word_1_283' title='bbox 63 2691 96 2736; x_wconf 82' lang='lat' dir='ltr'>pt.</span> <span class='ocrx_word' id='word_1_284' title='bbox 107 2689 130 2721; x_wconf 90' lang='lat' dir='ltr'>et</span> <span class='ocrx_word' id='word_1_285' title='bbox 140 2691 200 2732; x_wconf 87' lang='lat' dir='ltr'>sec.;</span> <span class='ocrx_word' id='word_1_286' title='bbox 214 2689 237 2722; x_wconf 87' lang='lat' dir='ltr'>at</span> <span class='ocrx_word' id='word_1_287' title='bbox 247 2680 314 2724; x_wconf 88' lang='lat' dir='ltr'>tertia</span> <span class='ocrx_word' id='word_1_288' title='bbox 325 2694 337 2724; x_wconf 84' lang='lat' dir='ltr'>e</span> <span class='ocrx_word' id='word_1_289' title='bbox 347 2679 456 2742; x_wconf 69' lang='lat' dir='ltr'>Naugerii</span> <span class='ocrx_word' id='word_1_290' title='bbox 467 2679 643 2734; x_wconf 81' lang='lat' dir='ltr'>emendatione,</span> <span class='ocrx_word' id='word_1_291' title='bbox 656 2691 679 2725; x_wconf 88' lang='lat' dir='ltr'>et</span> <span class='ocrx_word' id='word_1_292' title='bbox 689 2694 740 2741; x_wconf 86' lang='lat' dir='ltr'>qute</span> <span class='ocrx_word' id='word_1_293' title='bbox 751 2694 779 2724; x_wconf 84' lang='lat' dir='ltr'>et</span> <span class='ocrx_word' id='word_1_294' title='bbox 788 2693 815 2724; x_wconf 89' lang='lat' dir='ltr'>ea</span> <span class='ocrx_word' id='word_1_295' title='bbox 824 2675 926 2729; x_wconf 79' lang='lat' dir='ltr'>fluxere,</span> <span class='ocrx_word' id='word_1_296' title='bbox 937 2674 999 2735; x_wconf 73' lang='lat' dir='ltr'>onqit</span> <span class='ocrx_word' id='word_1_297' title='bbox 1009 2669 1110 2719; x_wconf 77' lang='lat' dir='ltr'>babent3</span> 
     </span>
     <span class='ocr_line' id='line_1_28' title="bbox 64 2737 1110 2812; baseline -0.009 -22"><span class='ocrx_word' id='word_1_298' title='bbox 64 2745 126 2806; x_wconf 89' lang='lat' dir='ltr'>quod</span> <span class='ocrx_word' id='word_1_299' title='bbox 138 2747 224 2792; x_wconf 83' lang='lat' dir='ltr'>iterum</span> <span class='ocrx_word' id='word_1_300' title='bbox 237 2746 326 2808; x_wconf 84' lang='lat' dir='ltr'>expulit</span> <span class='ocrx_word' id='word_1_301' title='bbox 337 2748 365 2792; x_wconf 86' lang='grc' dir='ltr'>Η.</span> <span class='ocrx_word' id='word_1_302' title='bbox 380 2748 520 2812; x_wconf 83' lang='lat' dir='ltr'>Stephanus.</span> <span class='ocrx_word' id='word_1_303' title='bbox 530 2751 625 2795; x_wconf 86' lang='lat' dir='ltr'>Praestat</span> <span class='ocrx_word' id='word_1_304' title='bbox 635 2747 700 2794; x_wconf 85' lang='lat' dir='ltr'>baud</span> <span class='ocrx_word' id='word_1_305' title='bbox 711 2747 782 2793; x_wconf 88' lang='lat' dir='ltr'>dubie</span> <span class='ocrx_word' id='word_1_306' title='bbox 793 2745 817 2791; x_wconf 89' lang='lat' dir='ltr'>b.</span> <span class='ocrx_word' id='word_1_307' title='bbox 830 2743 846 2789; x_wconf 89' lang='lat' dir='ltr'>l.</span> <span class='ocrx_word' id='word_1_308' title='bbox 858 2750 939 2806; x_wconf 74' lang='lat' dir='ltr'>urqet:</span> <span class='ocrx_word' id='word_1_309' title='bbox 952 2751 1033 2802; x_wconf 81' lang='lat' dir='ltr'>estque</span> <span class='ocrx_word' id='word_1_310' title='bbox 1045 2737 1110 2783; x_wconf 83' lang='lat' dir='ltr'>lorus</span> 
     </span>
     <span class='ocr_line' id='line_1_29' title="bbox 65 2812 1110 2884; baseline -0.009 -23"><span class='ocrx_word' id='word_1_311' title='bbox 65 2816 163 2878; x_wconf 79' lang='lat' dir='ltr'>exempli</span> <span class='ocrx_word' id='word_1_312' title='bbox 176 2818 334 2864; x_wconf 83' lang='lat' dir='ltr'>memorabilia</span> <span class='ocrx_word' id='word_1_313' title='bbox 343 2821 404 2866; x_wconf 82' lang='lat' dir='ltr'>iuter</span> <span class='ocrx_word' id='word_1_314' title='bbox 416 2837 456 2877; x_wconf 90' lang='lat' dir='ltr'>ea,</span> <span class='ocrx_word' id='word_1_315' title='bbox 464 2821 550 2884; x_wconf 79' lang='lat' dir='ltr'>quibua</span> <span class='ocrx_word' id='word_1_316' title='bbox 557 2820 670 2867; x_wconf 89' lang='lat' dir='ltr'>librorum</span> <span class='ocrx_word' id='word_1_317' title='bbox 681 2820 835 2881; x_wconf 86' lang='lat' dir='ltr'>optimorum,</span> <span class='ocrx_word' id='word_1_318' title='bbox 846 2812 883 2862; x_wconf 84' lang='lat' dir='ltr'>vel</span> <span class='ocrx_word' id='word_1_319' title='bbox 893 2815 997 2860; x_wconf 87' lang='lat' dir='ltr'>omnium</span> <span class='ocrx_word' id='word_1_320' title='bbox 1007 2823 1110 2856; x_wconf 85' lang='lat' dir='ltr'>cousen-</span> 
     </span>
     <span class='ocr_line' id='line_1_30' title="bbox 64 2881 1110 2954; baseline -0.007 -24"><span class='ocrx_word' id='word_1_321' title='bbox 64 2901 112 2943; x_wconf 86' lang='lat' dir='ltr'>sus,</span> <span class='ocrx_word' id='word_1_322' title='bbox 124 2900 149 2934; x_wconf 85' lang='lat' dir='ltr'>et</span> <span class='ocrx_word' id='word_1_323' title='bbox 161 2891 286 2935; x_wconf 79' lang='lat' dir='ltr'>auctoritas</span> <span class='ocrx_word' id='word_1_324' title='bbox 298 2890 384 2938; x_wconf 78' lang='lat' dir='ltr'>criticis</span> <span class='ocrx_word' id='word_1_325' title='bbox 395 2893 536 2949; x_wconf 84' lang='lat' dir='ltr'>rationibus,</span> <span class='ocrx_word' id='word_1_326' title='bbox 547 2910 559 2939; x_wconf 90' lang='lat' dir='ltr'>a</span> <span class='ocrx_word' id='word_1_327' title='bbox 570 2893 682 2939; x_wconf 85' lang='lat' dir='ltr'>sermonis</span> <span class='ocrx_word' id='word_1_328' title='bbox 693 2891 845 2954; x_wconf 83' lang='lat' dir='ltr'>proprietate,</span> <span class='ocrx_word' id='word_1_329' title='bbox 859 2899 882 2932; x_wconf 89' lang='lat' dir='ltr'>et</span> <span class='ocrx_word' id='word_1_330' title='bbox 894 2884 1008 2948; x_wconf 74' lang='lat' dir='ltr'>elegantia</span> <span class='ocrx_word' id='word_1_331' title='bbox 1019 2881 1110 2944; x_wconf 87' lang='lat' dir='ltr'>petitis,</span> 
     </span>
     <span class='ocr_line' id='line_1_31' title="bbox 64 2953 1109 3028; baseline -0.01 -24"><span class='ocrx_word' id='word_1_332' title='bbox 64 2958 223 3019; x_wconf 78' lang='lat' dir='ltr'>posthabenda</span> <span class='ocrx_word' id='word_1_333' title='bbox 231 2973 273 3008; x_wconf 87' lang='lat' dir='ltr'>est.</span> <span class='ocrx_word' id='word_1_334' title='bbox 281 2965 364 3008; x_wconf 74' lang='lat' dir='ltr'>anxius</span> <span class='ocrx_word' id='word_1_335' title='bbox 371 2967 433 3028; x_wconf 71' lang='lat' dir='ltr'>onqit</span> <span class='ocrx_word' id='word_1_336' title='bbox 441 2966 520 3027; x_wconf 89' lang='lat' dir='ltr'>inepta</span> <span class='ocrx_word' id='word_1_337' title='bbox 531 2976 589 3011; x_wconf 89' lang='lat' dir='ltr'>esset</span> <span class='ocrx_word' id='word_1_338' title='bbox 596 2962 739 3010; x_wconf 84' lang='lat' dir='ltr'>allitteratio.</span> <span class='ocrx_word' id='word_1_339' title='bbox 751 2986 783 2996; x_wconf 93' lang='lat'>—</span> <span class='ocrx_word' id='word_1_340' title='bbox 794 2976 832 3021; x_wconf 88' lang='lat'>90·</span> <span class='ocrx_word' id='word_1_341' title='bbox 839 2967 907 3023; x_wconf 85' lang='lat' dir='ltr'>atque</span> <span class='ocrx_word' id='word_1_342' title='bbox 919 2955 965 3002; x_wconf 83' lang='lat' dir='ltr'>boec</span> <span class='ocrx_word' id='word_1_343' title='bbox 975 2967 1021 3000; x_wconf 89' lang='lat' dir='ltr'>tres</span> <span class='ocrx_word' id='word_1_344' title='bbox 1031 2953 1109 2997; x_wconf 88' lang='lat' dir='ltr'>Burm.</span> 
     </span>
     <span class='ocr_line' id='line_1_32' title="bbox 64 3020 1112 3095; baseline -0.01 -21"><span class='ocrx_word' id='word_1_345' title='bbox 64 3053 92 3064; x_wconf 92' lang='lat'><em>-</em></span> <span class='ocrx_word' id='word_1_346' title='bbox 103 3044 142 3089; x_wconf 80' lang='lat'>9¹·</span> <span class='ocrx_word' id='word_1_347' title='bbox 155 3031 207 3074; x_wconf 83' lang='lat' dir='ltr'>Neu</span> <span class='ocrx_word' id='word_1_348' title='bbox 224 3046 245 3075; x_wconf 86' lang='lat' dir='ltr'>c.</span> <span class='ocrx_word' id='word_1_349' title='bbox 263 3032 341 3078; x_wconf 84' lang='lat' dir='ltr'>Heius.</span> <span class='ocrx_word' id='word_1_350' title='bbox 354 3047 406 3095; x_wconf 84' lang='lat' dir='ltr'>post</span> <span class='ocrx_word' id='word_1_351' title='bbox 417 3036 492 3091; x_wconf 65' lang='lat' dir='ltr'>Pisa,</span> <span class='ocrx_word' id='word_1_352' title='bbox 507 3033 621 3081; x_wconf 87' lang='lat' dir='ltr'>librorum</span> <span class='ocrx_word' id='word_1_353' title='bbox 632 3047 755 3080; x_wconf 86' lang='lat' dir='ltr'>consensu.</span> <span class='ocrx_word' id='word_1_354' title='bbox 767 3029 843 3084; x_wconf 83' lang='lat' dir='ltr'>Malr;</span> <span class='ocrx_word' id='word_1_355' title='bbox 863 3040 889 3072; x_wconf 85' lang='lat' dir='ltr'>et</span> <span class='ocrx_word' id='word_1_356' title='bbox 899 3027 977 3072; x_wconf 83' lang='lat' dir='ltr'>verius</span> <span class='ocrx_word' id='word_1_357' title='bbox 988 3020 1058 3084; x_wconf 70' lang='lat' dir='ltr'>vulgo</span> <span class='ocrx_word' id='word_1_358' title='bbox 1070 3034 1112 3071; x_wconf 64' lang='grc' dir='ltr'>ηε.-</span> 
     </span>
     <span class='ocr_line' id='line_1_33' title="bbox 66 3101 405 3159; baseline -0.015 -13"><span class='ocrx_word' id='word_1_359' title='bbox 66 3101 111 3146; x_wconf 92' lang='lat' dir='ltr'>duo</span> <span class='ocrx_word' id='word_1_360' title='bbox 122 3103 203 3146; x_wconf 84' lang='lat' dir='ltr'>Burm.</span> <span class='ocrx_word' id='word_1_361' title='bbox 216 3119 271 3159; x_wconf 82' lang='lat' dir='ltr'>nec,·</span> <span class='ocrx_word' id='word_1_362' title='bbox 281 3120 342 3151; x_wconf 58' lang='lat' dir='ltr'>unus</span> <span class='ocrx_word' id='word_1_363' title='bbox 353 3121 405 3152; x_wconf 68' lang='lat' dir='ltr'>non,</span> 
     </span>
    </p>
   </div>
   <div class='ocr_carea' id='block_1_5' title="bbox 65 3252 1117 4131">
    <p class='ocr_par' dir='ltr' id='par_1_10' title="bbox 65 3252 1117 4131">
     <span class='ocr_line' id='line_1_34' title="bbox 65 3252 1113 3338; baseline -0.008 -29"><span class='ocrx_word' id='word_1_364' title='bbox 65 3257 157 3325; x_wconf 74' lang='lat' dir='ltr'>Rheae,</span> <span class='ocrx_word' id='word_1_365' title='bbox 176 3278 257 3330; x_wconf 88' lang='lat' dir='ltr'>quarn</span> <span class='ocrx_word' id='word_1_366' title='bbox 270 3262 382 3316; x_wconf 86' lang='lat' dir='ltr'>eandem</span> <span class='ocrx_word' id='word_1_367' title='bbox 395 3283 455 3316; x_wconf 86' lang='lat' dir='ltr'>oum</span> <span class='ocrx_word' id='word_1_368' title='bbox 467 3264 565 3338; x_wconf 77' lang='lat' dir='ltr'>Cybele</span> <span class='ocrx_word' id='word_1_369' title='bbox 614 3284 664 3337; x_wconf 87' lang='lat' dir='ltr'>pro</span> <span class='ocrx_word' id='word_1_370' title='bbox 677 3283 725 3328; x_wconf 87' lang='lat' dir='ltr'>eo,</span> <span class='ocrx_word' id='word_1_371' title='bbox 738 3259 812 3334; x_wconf 91' lang='lat' dir='ltr'>quod</span> <span class='ocrx_word' id='word_1_372' title='bbox 821 3259 944 3322; x_wconf 84' lang='lat' dir='ltr'>volebat,</span> <span class='ocrx_word' id='word_1_373' title='bbox 957 3268 983 3306; x_wconf 85' lang='lat' dir='ltr'>te</span> <span class='ocrx_word' id='word_1_374' title='bbox 995 3252 1113 3305; x_wconf 90' lang='lat' dir='ltr'>domito-</span> 
     </span>
     <span class='ocr_line' id='line_1_35' title="bbox 65 3331 1116 3415; baseline -0.012 -22"><span class='ocrx_word' id='word_1_375' title='bbox 65 3356 118 3391; x_wconf 78' lang='lat' dir='ltr'>esse</span> <span class='ocrx_word' id='word_1_376' title='bbox 135 3338 297 3410; x_wconf 88' lang='lat' dir='ltr'>perhibent)</span> <span class='ocrx_word' id='word_1_377' title='bbox 313 3341 423 3395; x_wconf 79' lang='lat' dir='ltr'>auxilio.</span> <span class='ocrx_word' id='word_1_378' title='bbox 437 3347 471 3395; x_wconf 81' lang='lat' dir='ltr'>At</span> <span class='ocrx_word' id='word_1_379' title='bbox 487 3346 564 3396; x_wconf 89' lang='lat' dir='ltr'>nimis</span> <span class='ocrx_word' id='word_1_380' title='bbox 614 3365 679 3410; x_wconf 87' lang='lat' dir='ltr'>rem,</span> <span class='ocrx_word' id='word_1_381' title='bbox 685 3352 818 3415; x_wconf 83' lang='lat' dir='ltr'>potentem</span> <span class='ocrx_word' id='word_1_382' title='bbox 830 3336 950 3409; x_wconf 78' lang='lat' dir='ltr'>Olympi,</span> <span class='ocrx_word' id='word_1_383' title='bbox 960 3351 1044 3406; x_wconf 68' lang='lat' dir='ltr'>rupem</span> <span class='ocrx_word' id='word_1_384' title='bbox 1054 3331 1116 3382; x_wconf 84' lang='lat' dir='ltr'>deo·</span> 
     </span>
     <span class='ocr_line' id='line_1_36' title="bbox 66 3414 1114 3494; baseline -0.016 -20"><span class='ocrx_word' id='word_1_385' title='bbox 66 3414 142 3489; x_wconf 77' lang='lat' dir='ltr'>longe</span> <span class='ocrx_word' id='word_1_386' title='bbox 157 3419 271 3489; x_wconf 88' lang='lat' dir='ltr'>petitum</span> <span class='ocrx_word' id='word_1_387' title='bbox 282 3420 351 3486; x_wconf 88' lang='lat' dir='ltr'>hoc,</span> <span class='ocrx_word' id='word_1_388' title='bbox 368 3441 450 3494; x_wconf 89' lang='lat' dir='ltr'>quum</span> <span class='ocrx_word' id='word_1_389' title='bbox 463 3423 514 3476; x_wconf 85' lang='lat' dir='ltr'>hae</span> <span class='ocrx_word' id='word_1_390' title='bbox 531 3422 564 3476; x_wconf 89' lang='lat' dir='ltr'>de</span> <span class='ocrx_word' id='word_1_391' title='bbox 615 3442 690 3488; x_wconf 84' lang='lat' dir='ltr'>rum,</span> <span class='ocrx_word' id='word_1_392' title='bbox 704 3420 808 3487; x_wconf 85' lang='lat' dir='ltr'>dicere,</span> <span class='ocrx_word' id='word_1_393' title='bbox 821 3419 867 3489; x_wconf 89' lang='lat' dir='ltr'>qui</span> <span class='ocrx_word' id='word_1_394' title='bbox 877 3416 945 3469; x_wconf 88' lang='lat' dir='ltr'>adeo</span> <span class='ocrx_word' id='word_1_395' title='bbox 955 3422 1046 3483; x_wconf 89' lang='lat' dir='ltr'>posset</span> <span class='ocrx_word' id='word_1_396' title='bbox 1055 3426 1114 3479; x_wconf 86' lang='lat' dir='ltr'>pre-</span> 
     </span>
     <span class='ocr_line' id='line_1_37' title="bbox 66 3493 1114 3572; baseline -0.027 -8"><span class='ocrx_word' id='word_1_397' title='bbox 66 3515 104 3563; x_wconf 86' lang='lat' dir='ltr'>re,</span> <span class='ocrx_word' id='word_1_398' title='bbox 115 3501 564 3572; x_wconf 73' lang='lat' dir='ltr'>⁰⁰1¹recentitovisdominatione‚</span> <span class='ocrx_word' id='word_1_399' title='bbox 614 3503 689 3554; x_wconf 83' lang='lat' dir='ltr'>cibus</span> <span class='ocrx_word' id='word_1_400' title='bbox 706 3501 867 3553; x_wconf 82' lang='lat' dir='ltr'>satisfacere.</span> <span class='ocrx_word' id='word_1_401' title='bbox 881 3523 915 3535; x_wconf 85' lang='lat'>-</span> <span class='ocrx_word' id='word_1_402' title='bbox 928 3493 960 3546; x_wconf 87' lang='grc'>85</span> <span class='ocrx_word' id='word_1_403' title='bbox 980 3507 1038 3560; x_wconf 85' lang='lat' dir='ltr'>sqq.</span> <span class='ocrx_word' id='word_1_404' title='bbox 1057 3503 1114 3538; x_wconf 88' lang='lat' dir='ltr'>sus·</span> 
     </span>
     <span class='ocr_line' id='line_1_38' title="bbox 66 3566 1114 3654; baseline -0.01 -29"><span class='ocrx_word' id='word_1_405' title='bbox 66 3575 109 3627; x_wconf 90' lang='lat' dir='ltr'>sed</span> <span class='ocrx_word' id='word_1_406' title='bbox 114 3577 203 3648; x_wconf 82' lang='lat' dir='ltr'>Trojte</span> <span class='ocrx_word' id='word_1_407' title='bbox 212 3593 295 3649; x_wconf 83' lang='lat' dir='ltr'>captae</span> <span class='ocrx_word' id='word_1_408' title='bbox 304 3593 432 3654; x_wconf 88' lang='lat' dir='ltr'>tempore,</span> <span class='ocrx_word' id='word_1_409' title='bbox 442 3598 502 3634; x_wconf 88' lang='lat' dir='ltr'>acta</span> <span class='ocrx_word' id='word_1_410' title='bbox 510 3601 565 3634; x_wconf 48' lang='lat' dir='ltr'>seru</span> <span class='ocrx_word' id='word_1_411' title='bbox 613 3593 706 3654; x_wconf 86' lang='lat' dir='ltr'>pectus</span> <span class='ocrx_word' id='word_1_412' title='bbox 716 3578 806 3637; x_wconf 84' lang='lat' dir='ltr'>locus;</span> <span class='ocrx_word' id='word_1_413' title='bbox 819 3573 885 3626; x_wconf 81' lang='lat' dir='ltr'>silva</span> <span class='ocrx_word' id='word_1_414' title='bbox 894 3584 920 3624; x_wconf 88' lang='lat' dir='ltr'>et</span> <span class='ocrx_word' id='word_1_415' title='bbox 934 3568 1007 3621; x_wconf 83' lang='lat' dir='ltr'>lucro</span> <span class='ocrx_word' id='word_1_416' title='bbox 1020 3566 1114 3619; x_wconf 90' lang='lat' dir='ltr'>saltem</span> 
     </span>
     <span class='ocr_line' id='line_1_39' title="bbox 65 3648 1114 3732; baseline -0.009 -27"><span class='ocrx_word' id='word_1_417' title='bbox 65 3674 106 3706; x_wconf 88' lang='lat' dir='ltr'>mo</span> <span class='ocrx_word' id='word_1_418' title='bbox 117 3658 169 3722; x_wconf 73' lang='lat' dir='ltr'>sit,</span> <span class='ocrx_word' id='word_1_419' title='bbox 180 3658 229 3707; x_wconf 90' lang='lat' dir='ltr'>etsi</span> <span class='ocrx_word' id='word_1_420' title='bbox 240 3656 566 3714; x_wconf 86' lang='lat' dir='ltr'>doctumaeverumillud</span> <span class='ocrx_word' id='word_1_421' title='bbox 613 3678 662 3732; x_wconf 89' lang='lat' dir='ltr'>per</span> <span class='ocrx_word' id='word_1_422' title='bbox 681 3656 877 3728; x_wconf 83' lang='lat' dir='ltr'>appositionem</span> <span class='ocrx_word' id='word_1_423' title='bbox 896 3648 968 3701; x_wconf 85' lang='lat' dir='ltr'>dieta</span> <span class='ocrx_word' id='word_1_424' title='bbox 987 3659 1061 3719; x_wconf 86' lang='lat' dir='ltr'>puta.</span> <span class='ocrx_word' id='word_1_425' title='bbox 1079 3672 1114 3685; x_wconf 89' lang='lat'>-·</span> 
     </span>
     <span class='ocr_line' id='line_1_40' title="bbox 67 3726 1116 3807; baseline -0.008 -22"><span class='ocrx_word' id='word_1_426' title='bbox 67 3737 111 3786; x_wconf 87' lang='lat' dir='ltr'>sit:</span> <span class='ocrx_word' id='word_1_427' title='bbox 131 3738 166 3787; x_wconf 88' lang='lat' dir='ltr'>cf.</span> <span class='ocrx_word' id='word_1_428' title='bbox 180 3735 306 3807; x_wconf 81' lang='lat' dir='ltr'>Apollod.</span> <span class='ocrx_word' id='word_1_429' title='bbox 320 3741 346 3805; x_wconf 87' lang='lat'>1,</span> <span class='ocrx_word' id='word_1_430' title='bbox 369 3757 398 3806; x_wconf 90' lang='lat'>1,</span> <span class='ocrx_word' id='word_1_431' title='bbox 418 3740 442 3792; x_wconf 85' lang='lat'>3.</span> <span class='ocrx_word' id='word_1_432' title='bbox 461 3740 567 3803; x_wconf 80' lang='lat' dir='ltr'>Paravit</span> <span class='ocrx_word' id='word_1_433' title='bbox 615 3738 658 3790; x_wconf 82' lang='grc'>86.</span> <span class='ocrx_word' id='word_1_434' title='bbox 671 3736 698 3786; x_wconf 85' lang='lat' dir='ltr'>in</span> <span class='ocrx_word' id='word_1_435' title='bbox 714 3751 791 3799; x_wconf 80' lang='lat' dir='ltr'>arce,</span> <span class='ocrx_word' id='word_1_436' title='bbox 805 3733 833 3784; x_wconf 87' lang='lat' dir='ltr'>ln</span> <span class='ocrx_word' id='word_1_437' title='bbox 845 3731 943 3783; x_wconf 86' lang='lat' dir='ltr'>vertice</span> <span class='ocrx_word' id='word_1_438' title='bbox 956 3726 1027 3790; x_wconf 84' lang='lat' dir='ltr'>ldte;</span> <span class='ocrx_word' id='word_1_439' title='bbox 1045 3739 1116 3778; x_wconf 83' lang='lat' dir='ltr'>esset</span> 
     </span>
     <span class='ocr_line' id='line_1_41' title="bbox 68 3808 1115 3892; baseline -0.01 -23"><span class='ocrx_word' id='word_1_440' title='bbox 68 3832 174 3885; x_wconf 82' lang='lat' dir='ltr'>quoque</span> <span class='ocrx_word' id='word_1_441' title='bbox 189 3818 285 3868; x_wconf 84' lang='lat' dir='ltr'>iterum</span> <span class='ocrx_word' id='word_1_442' title='bbox 301 3818 351 3870; x_wconf 92' lang='lat' dir='ltr'>sibi</span> <span class='ocrx_word' id='word_1_443' title='bbox 365 3821 472 3892; x_wconf 78' lang='lat' dir='ltr'>Olympi</span> <span class='ocrx_word' id='word_1_444' title='bbox 484 3821 569 3892; x_wconf 87' lang='lat' dir='ltr'>impe·</span> <span class='ocrx_word' id='word_1_445' title='bbox 613 3813 641 3868; x_wconf 73' lang='lat' dir='ltr'>oi</span> <span class='ocrx_word' id='word_1_446' title='bbox 653 3811 769 3884; x_wconf 52' lang='grc' dir='ltr'>Γάργαρον</span> <span class='ocrx_word' id='word_1_447' title='bbox 781 3812 865 3883; x_wconf 68' lang='lat' dir='ltr'>depo,</span> <span class='ocrx_word' id='word_1_448' title='bbox 876 3809 950 3863; x_wconf 88' lang='lat' dir='ltr'>Iliad.</span> <span class='ocrx_word' id='word_1_449' title='bbox 965 3808 993 3874; x_wconf 78' lang='grc' dir='ltr'>ξ,</span> <span class='ocrx_word' id='word_1_450' title='bbox 1011 3808 1115 3878; x_wconf 80' lang='lat' dir='ltr'>292.1n</span> 
     </span>
     <span class='ocr_line' id='line_1_42' title="bbox 67 3885 1116 3972; baseline -0.01 -26"><span class='ocrx_word' id='word_1_451' title='bbox 67 3897 132 3947; x_wconf 85' lang='lat' dir='ltr'>rium</span> <span class='ocrx_word' id='word_1_452' title='bbox 151 3897 241 3949; x_wconf 86' lang='lat' dir='ltr'>Terrae</span> <span class='ocrx_word' id='word_1_453' title='bbox 258 3917 340 3970; x_wconf 85' lang='lat' dir='ltr'>opera</span> <span class='ocrx_word' id='word_1_454' title='bbox 357 3902 462 3971; x_wconf 89' lang='lat' dir='ltr'>Jupiter</span> <span class='ocrx_word' id='word_1_455' title='bbox 477 3918 569 3972; x_wconf 79' lang='lat' dir='ltr'>pugna</span> <span class='ocrx_word' id='word_1_456' title='bbox 616 3897 669 3947; x_wconf 87' lang='lat' dir='ltr'>boc</span> <span class='ocrx_word' id='word_1_457' title='bbox 682 3896 762 3968; x_wconf 79' lang='lat' dir='ltr'>igitur</span> <span class='ocrx_word' id='word_1_458' title='bbox 778 3911 854 3946; x_wconf 85' lang='lat' dir='ltr'>sacra</span> <span class='ocrx_word' id='word_1_459' title='bbox 870 3890 927 3943; x_wconf 80' lang='lat' dir='ltr'>fieri</span> <span class='ocrx_word' id='word_1_460' title='bbox 944 3887 1021 3939; x_wconf 91' lang='lat' dir='ltr'>solita</span> <span class='ocrx_word' id='word_1_461' title='bbox 1036 3885 1116 3937; x_wconf 86' lang='lat' dir='ltr'>Matri</span> 
     </span>
     <span class='ocr_line' id='line_1_43' title="bbox 68 3965 1117 4049; baseline -0.009 -25"><span class='ocrx_word' id='word_1_462' title='bbox 68 3992 126 4025; x_wconf 82' lang='lat' dir='ltr'>rum</span> <span class='ocrx_word' id='word_1_463' title='bbox 135 3976 276 4028; x_wconf 82' lang='lat' dir='ltr'>Titanibus</span> <span class='ocrx_word' id='word_1_464' title='bbox 284 3980 370 4031; x_wconf 83' lang='lat' dir='ltr'>facta:</span> <span class='ocrx_word' id='word_1_465' title='bbox 382 3979 446 4031; x_wconf 89' lang='lat' dir='ltr'>ibid.</span> <span class='ocrx_word' id='word_1_466' title='bbox 461 3980 485 4044; x_wconf 90' lang='lat' dir='ltr'>l,</span> <span class='ocrx_word' id='word_1_467' title='bbox 500 3998 529 4047; x_wconf 83' lang='lat' dir='ltr'>a,</span> <span class='ocrx_word' id='word_1_468' title='bbox 542 3995 562 4029; x_wconf 88' lang='lat'>1.</span> <span class='ocrx_word' id='word_1_469' title='bbox 616 3976 699 4028; x_wconf 74' lang='lat' dir='ltr'>Idaea.</span> <span class='ocrx_word' id='word_1_470' title='bbox 711 3976 746 4026; x_wconf 79' lang='lat' dir='ltr'>cl.</span> <span class='ocrx_word' id='word_1_471' title='bbox 759 3974 792 4049; x_wconf 80' lang='lat' dir='ltr'>ad</span> <span class='ocrx_word' id='word_1_472' title='bbox 805 3993 831 4026; x_wconf 85' lang='lat' dir='ltr'>v.</span> <span class='ocrx_word' id='word_1_473' title='bbox 844 3973 891 4038; x_wconf 86' lang='lat'>80,</span> <span class='ocrx_word' id='word_1_474' title='bbox 901 3971 939 4022; x_wconf 90' lang='lat' dir='ltr'>uti</span> <span class='ocrx_word' id='word_1_475' title='bbox 951 3969 1010 4019; x_wconf 86' lang='lat' dir='ltr'>lovi</span> <span class='ocrx_word' id='word_1_476' title='bbox 1021 3965 1117 4018; x_wconf 86' lang='lat' dir='ltr'>eodem</span> 
     </span>
     <span class='ocr_line' id='line_1_44' title="bbox 68 4046 1117 4131; baseline -0.006 -29"><span class='ocrx_word' id='word_1_477' title='bbox 68 4051 158 4106; x_wconf 85' lang='lat' dir='ltr'>Dicam</span> <span class='ocrx_word' id='word_1_478' title='bbox 179 4056 304 4128; x_wconf 88' lang='lat' dir='ltr'>equidem</span> <span class='ocrx_word' id='word_1_479' title='bbox 322 4059 498 4131; x_wconf 89' lang='lat' dir='ltr'>simpliciter,</span> <span class='ocrx_word' id='word_1_480' title='bbox 516 4057 566 4111; x_wconf 90' lang='lat' dir='ltr'>ad·</span> <span class='ocrx_word' id='word_1_481' title='bbox 616 4046 1117 4119; x_wconf 45' lang='lat' dir='ltr'>inlocolliad.&amp;db-›mmeramm-</span> 
     </span>
    </p>
   </div>
   <div class='ocr_carea' id='block_1_6' title="bbox 71 4127 1087 4212">
    <p class='ocr_par' dir='ltr' id='par_1_11' title="bbox 71 4127 1087 4212">
     <span class='ocr_line' id='line_1_45' title="bbox 71 4127 1087 4212; baseline -0.005 -25"><span class='ocrx_word' id='word_1_482' title='bbox 71 4131 164 4200; x_wconf 75' lang='lat' dir='ltr'>iectum</span> <span class='ocrx_word' id='word_1_483' title='bbox 186 4155 202 4189; x_wconf 91' lang='lat' dir='ltr'>a</span> <span class='ocrx_word' id='word_1_484' title='bbox 220 4149 302 4209; x_wconf 86' lang='lat' dir='ltr'>poeta</span> <span class='ocrx_word' id='word_1_485' title='bbox 320 4138 418 4194; x_wconf 85' lang='lat' dir='ltr'>domito</span> <span class='ocrx_word' id='word_1_486' title='bbox 437 4135 566 4212; x_wconf 79' lang='lat' dir='ltr'>Olympo,</span> <span class='ocrx_word' id='word_1_487' title='bbox 616 4145 676 4206; x_wconf 83' lang='lat' dir='ltr'>tur,</span> <span class='ocrx_word' id='word_1_488' title='bbox 688 4134 825 4204; x_wconf 70' lang='lat' dir='ltr'>saltantur</span> <span class='ocrx_word' id='word_1_489' title='bbox 838 4144 864 4188; x_wconf 87' lang='lat' dir='ltr'>et</span> <span class='ocrx_word' id='word_1_490' title='bbox 877 4127 1087 4200; x_wconf 68' lang='lat' dir='ltr'>submergantur.</span> 
     </span>
    </p>
   </div>
   <div class='ocr_carea' id='block_1_7' title="bbox 1194 4254 1279 4532">
    <p class='ocr_par' dir='ltr' id='par_1_12' title="bbox 1194 4254 1279 4532">
     <span class='ocr_line' id='line_1_46' title="bbox 1194 4254 1279 4532; baseline 0 0"><span class='ocrx_word' id='word_1_491' title='bbox 1194 4254 1279 4532; x_wconf 81' lang='grc' dir='ltr'><em>Ι</em></span> 
     </span>
    </p>
   </div>
   <div class='ocr_carea' id='block_1_8' title="bbox 0 0 1372 4822">
    <p class='ocr_par' dir='ltr' id='par_1_13' title="bbox 0 0 1372 4822">
     <span class='ocr_line' id='line_1_47' title="bbox 0 0 1372 4822; baseline 0 0"><span class='ocrx_word' id='word_1_492' title='bbox 0 0 1372 4822; x_wconf 95' lang='lat' dir='ltr'> </span> 
     </span>
    </p>
   </div>
  </div>
 </body>
</html>
