2700 4822
673 222 681 263 l

218 393 266 484 P.
304 390 603 486 VIRGILII
633 391 941 485 MARONIS

359 660 809 797 AENEIDOS

312 976 535 1079 tiana
573 976 851 1085 nonus

82 1287 558 1321 ”nummmmmmmms
562 1299 1101 1337 mmmmmmmm

408 1534 758 1597 ARGUMENTUM.

70 1750 225 1851 Amerina
234 1790 344 1860 AEnea,
357 1801 387 1847 et
398 1789 429 1845 in
439 1787 786 1868 Tusciaconquirendis
798 1789 922 1849 auxiliis
934 1811 1103 1876 occupato,

65 1877 186 1938 Turnus
199 1900 216 1936 a
229 1880 352 1935 Junouc
367 1897 423 1955 per
435 1875 549 1933 lridem
565 1875 759 1948 admonitus,
777 1896 816 1933 ne
832 1890 950 1935 tantam
965 1884 1010 1939 rei
1024 1882 1105 1942 bene

65 1967 207 2047 gerendae
220 1967 416 2025 occasionem
433 1966 605 2038 amitteret,
621 1984 714 2044 quam
731 1967 872 2044 proxime
885 1966 923 2022 ad
938 1966 1042 2028 hostes
1055 1993 1106 2031 co-

62 2059 131 2137 pias
146 2053 394 2114 admovet-32.
408 2052 470 2127 Qui
483 2073 581 2131 quum
596 2054 660 2110 suis
675 2072 708 2109 se
724 2052 877 2110 moenibus
892 2058 1106 2136 continerent,

61 2166 166 2226 neque
177 2164 266 2224 aequo
277 2142 348 2201 loco
358 2140 496 2199 facerent
506 2138 678 2223 dimicandi
689 2153 892 2220 potestatem,
903 2157 937 2201 ut
947 2145 1009 2205 illis
1018 2168 1106 2228 spem

63 2255 190 2293 omnem
212 2230 292 2311 fugae
311 2228 547 2301 intercluderet,
565 2227 695 2286 classem
717 2249 845 2287 exurere
862 2246 1043 2291 conatur-—
1057 2235 1104 2317 76.

61 2325 138 2382 Erat
150 2321 256 2382 classis
267 2320 408 2398 Trojanae
421 2319 552 2376 materia
565 2337 599 2375 ex
611 2317 700 2377 ldaeae
713 2320 821 2376 matris
834 2317 906 2379 luco
920 2341 1016 2381 caesa:
1031 2346 1107 2405 qua·

63 2424 195 2491 propter
214 2409 322 2465 matris
341 2406 484 2486 precibus
502 2403 656 2464 adductus
675 2406 800 2484 Jupiter
818 2428 911 2466 naves
933 2429 1041 2469 omnes
1061 2414 1107 2471 in·

66 2499 175 2558 cendio
186 2497 316 2577 eripuit,
335 2508 367 2554 et
383 2496 416 2552 in
432 2494 563 2553 totidem
576 2492 737 2573 Nymphas
750 2497 886 2554 marinas
901 2501 1056 2559 convertit
1067 2535 1107 2547 —

70 2612 132 2649 122.
142 2587 490 2660 Posthaec,imminente
495 2584 561 2664 jam
569 2598 669 2656 nocte,
677 2584 956 2645 Turnusadversus
965 2587 1106 2650 hostium

67 2679 244 2759 eruptiones
253 2674 292 2732 ad
301 2674 409 2755 oppidi
421 2688 543 2754 portant
553 2670 860 2752 excubiasdisponit:
876 2676 912 2732 iis
924 2676 1106 2758 Messapum

66 2765 193 2848 praeficit
203 2799 241 2808 -
256 2763 318 2844 167.
333 2764 461 2821 Interim
473 2759 724 2821 consultantibus
736 2763 761 2818 Τ
764 2761 944 2839 rojanorum
955 2764 1106 2839 ducibus,

67 2873 233 2934 quemnam
251 2852 449 2932 potissimum
466 2848 506 2908 ad
523 2850 649 2907 AEueam
664 2849 836 2924 mitterent,
855 2852 962 2931 quide
978 2874 1106 2914 suorum

67 2939 205 3022 periculo
217 2960 289 2998 eum
300 2937 415 2998 faceret
429 2939 608 3003 certiorem,
624 2934 705 2994 ultro
719 2956 785 2994 eain
800 2940 996 3016 provinciam
1010 2944 1107 3001 susci-

66 3032 156 3111 piunt
169 3029 261 3089 Nisus
278 3040 308 3085 et
324 3027 492 3108 Euryalus,
510 3023 799 3104 conjunctissimum
819 3027 990 3085 amicorum
1004 3051 1107 3109 par-

69 3119 120 3177 313
133 3142 139 3176 :
159 3117 214 3198 qui
226 3136 322 3196 quum
334 3115 409 3174 urbe
420 3115 524 3174 emissi
536 3112 676 3171 hostium
687 3112 833 3172 excubias
844 3116 916 3173 vino
932 3137 1107 3199 somnoque

68 3206 195 3267 obrutas
216 3202 439 3278 offendissent,
461 3201 663 3263 Rhamnetem
687 3224 756 3261 cum
779 3224 893 3284 magno
917 3205 1107 3266 Rutulorum

68 3317 198 3356 numero
206 3289 387 3368 trucidant,
406 3312 576 3372 eorumque
593 3313 624 3349 se
637 3291 743 3371 spoliis
756 3308 909 3352 exornant
920 3329 951 3340 -
962 3295 1029 3354 366.
1049 3298 1106 3355 Ve-

67 3405 134 3442 rum
149 3402 263 3463 quum,
279 3383 415 3439 instante
429 3382 493 3458 jam
510 3379 594 3452 luce,
610 3400 642 3437 se
657 3381 793 3459 recipere
810 3396 976 3454 conantur,
1000 3405 1014 3439 a
1034 3382 1107 3441 Vol-

65 3473 174 3530 seentis
190 3467 348 3550 equitibus
362 3469 534 3548 conspecti,
554 3465 593 3524 ad
608 3466 698 3525 silvas
711 3468 908 3547 confugiunt.
924 3468 972 3527 lbi
987 3472 1106 3550 Eurya-

66 3558 128 3634 lus,
149 3579 309 3618 armorum
328 3559 467 3638 pondere
486 3559 608 3638 viaeque
628 3578 730 3616 errore
750 3557 932 3637 impeditus,
950 3559 980 3614 in
1004 3557 1106 3618 hostes

66 3648 192 3720 incidit,
208 3661 237 3705 et
257 3668 273 3704 a
290 3645 469 3721 Volscente,
488 3645 602 3715 frustra
619 3645 804 3725 deprecante
821 3647 909 3720 Niso,
924 3645 1107 3709 confoditur

67 3769 101 3780 —
109 3735 178 3818 [237.
188 3738 280 3795 Nisus
292 3757 432 3816 quoque,
444 3755 521 3794 caeso
532 3733 704 3808 Volseente,
715 3747 745 3792 et
754 3734 879 3814 Euryali
895 3756 967 3794 nece
980 3753 1105 3797 strenue

66 3824 238 3897 vindicata,
259 3822 367 3883 multis
386 3821 567 3882 vulneribus
587 3822 751 3881 confossus
770 3844 862 3902 super
881 3826 970 3883 amici
993 3847 1105 3907 corpus

68 3907 325 3984 concidit—445.
344 3910 468 3990 Capita,
490 3909 583 3969 hastis
603 3908 710 3985 affixa,
729 3913 761 3968 in
781 3926 880 3969 castra
900 3910 1104 3972 deferuntur:

68 3997 121 4055 nbi
141 3997 315 4078 aTrojanis
335 4019 351 4057 e
371 3997 527 4058 moenibus
547 4001 652 4078 agnita
669 4002 824 4079 ingentem
846 4001 877 4056 in
895 4001 970 4058 urbe
985 4000 1105 4060 luctum

68 4088 248 4146 excitant·
256 4086 323 4146 502.
333 4088 462 4147 Interim
471 4090 593 4147 Turnus
603 4091 675 4147 totis
684 4088 802 4148 viribus
813 4087 914 4147 hostes
925 4104 1103 4171 oppugnat:

131 4183 159 4251 4.
878 4239 892 4261 ·..
915 4203 924 4235 ι
