2700 4822
336 385 571 450 AENEIDOS
594 389 833 454 LlB'ERlX.
1086 390 1111 455 s

106 511 249 598 Jamque
261 511 369 573 omnis
380 511 503 597 campis
517 511 679 575 exercitus
690 510 758 575 ibat
768 510 904 599 apertis,
1079 524 1107 569 2⁵

63 616 165 678 Dives
178 637 315 702 equum,
330 614 422 680 dives
433 617 532 702 pictai
544 616 644 679 vestis
656 633 689 680 et
700 616 782 679 auri.

62 721 235 806 Messapus
247 721 369 807 primas
380 721 481 800 acies,
494 738 660 807 postrema
672 736 827 785 coercent

62 826 237 914 Tyrrhidae
245 827 404 916 juvenes:
419 827 528 892 medio
541 827 609 891 dux
619 829 749 915 agmine
762 830 896 892 Turnus
910 875 913 882 ·

62 930 75 956 ¹⁵
87 933 249 1011 Vertitur,
262 956 352 997 arma
364 950 494 1012 tenens,
509 950 542 998 et
554 950 624 997 toto
636 935 758 998 vertice
771 956 868 1020 supra
881 947 939 997 est.
952 931 965 959 ¹⁵

64 1037 135 1099 Ceu
148 1054 274 1124 septem
287 1061 425 1126 surgens
437 1037 558 1103 sedatis
571 1039 722 1104 amnibus
734 1039 818 1103 altus
1079 1049 1113 1098 3ο

97 1204 135 1248 25.
147 1206 244 1269 Jamque
252 1205 308 1249 odeo
316 1205 403 1250 Medic.
415 1221 427 1250 a
437 1221 467 1250 m.
479 1221 524 1251 sec.
532 1231 563 1241 —
572 1205 608 1252 26.
618 1208 689 1268 pictur*
696 1206 758 1250 conl.
767 1205 849 1260 advl,
859 1203 911 1266 747.
918 1229 949 1239 -
958 1220 994 1266 ²7·
1002 1205 1111 1266 Mesapus

65 1273 119 1320 Ald.
139 1287 163 1320 et
178 1275 276 1321 Dorvill.
285 1301 317 1312 -
329 1276 367 1322 28.
382 1277 472 1322 ans’eioe
488 1276 586 1323 Dorvill.
599 1302 631 1312 -
643 1291 679 1336 29.
693 1278 779 1321 Versus
794 1274 941 1320 hauddubie
957 1290 985 1319 er
1003 1273 1044 1319 lib.
1056 1276 1111 1330 Vll,

66 1343 111 1407 784
122 1344 170 1390 huc
182 1345 312 1392 translatus.
322 1347 410 1393 Turbat
421 1347 462 1393 ille
475 1361 498 1394 et
509 1349 689 1409 comparationis
702 1362 799 1392 nervum
811 1345 906 1400 incidit,
920 1357 943 1390 et
953 1344 1018 1391 deest
1028 1344 1113 1407 pleris-

63 1431 111 1477 que
123 1413 189 1460 libris
198 1415 240 1462 Ge.
253 1417 365 1471 Fabricii,
376 1418 447 1462 Pierii
460 1419 541 1480 (quern
550 1417 597 1462 vid.
608 1417 668 1461 adv.
681 1416 734 1472 31),
744 1427 767 1460 et
777 1415 865 1460 Heinsii
876 1431 901 1459 ac
911 1415 1041 1470 Burmann3
1050 1414 1111 1461 adde

67 1484 134 1529 binos
146 1484 215 1529 Goth.
224 1501 277 1530 cum
287 1486 334 1532 nrt
344 1488 449 1534 Ominus
457 1504 553 1552 quoque
560 1502 623 1533 nunc
633 1486 862 1547 ineditfflbrmensi.
872 1499 937 1530 mma
944 1499 1023 1548 gerens
1033 1483 1113 1531 Schol.

68 1557 147 1612 Statii,
160 1568 183 1601 et
194 1565 228 1602 est
236 1557 302 1604 abest
312 1557 410 1604 Dorvill.

69 1695 131 1768 ligio
144 1699 233 1750 faeere
240 1699 330 1767 jubet,
340 1701 428 1752 omine
440 1714 571 1772 accepto‚s

72 1778 148 1827 etiam
167 1779 224 1828 viso
243 1790 272 1829 et
288 1797 319 1829 ex
331 1781 434 1830 somnio
440 1801 447 1842 ;
465 1779 571 1832 scilicet.

71 1853 199 1907 lustrandi
211 1876 312 1909 caussa.

104 1935 137 1988 25
149 1967 182 1974 -
193 1936 235 1988 32.
252 1939 374 1990 Fundum
392 1941 569 2010 comparatio·

71 2016 108 2066 nis
132 2015 252 2070 declarat
272 2019 397 2072 Servius:
425 2022 572 2072 exercitum

71 2098 155 2166 primo
175 2100 286 2151 confuse
302 2101 329 2152 in
344 2118 453 2169 campos
467 2102 567 2163 ruisse,

72 2189 131 2247 post
144 2177 274 2249 digestum
287 2182 314 2230 in
326 2180 432 2231 ordines
443 2180 478 2232 ad
488 2180 570 2231 flumi-

72 2258 110 2308 nis
118 2275 220 2308 morem
228 2260 255 2309 in
263 2260 366 2311 alveum
377 2278 453 2311 suum
461 2260 566 2311 reversi.

72 2337 100 2388 ld
123 2357 187 2389 vero
206 2338 310 2410 longius
332 2341 462 2410 petitum:
484 2338 568 2390 multo

73 2419 157 2468 minus
168 2421 332 2489 comparatio
343 2433 449 2490 spectat
458 2420 492 2472 ad
502 2419 569 2471 Tur-

73 2513 143 2546 num.
157 2497 259 2568 Agmen
274 2498 380 2562 ordine,
395 2498 468 2551 lento
484 2499 569 2570 gradu

74 2587 97 2626 et
120 2579 268 2646 composite
291 2575 430 2644 incedens,
443 2578 571 2654 fluminis

75 2650 126 2704 lato
138 2652 212 2705 alveo
227 2656 295 2706 inter
306 2657 375 2727 ripas
386 2656 502 2724 devoluti
513 2677 571 2728 spe·

74 2735 137 2784 ciem
151 2753 205 2804 prce
213 2754 241 2787 se
251 2738 321 2787 ferre
329 2736 398 2788 bene
411 2736 463 2788 dici
473 2750 568 2807 potest.

75 2813 152 2879 Quod
166 2817 193 2864 in
206 2815 298 2885 Gange
313 2815 388 2866 alveo
400 2833 449 2865 suo
464 2833 491 2867 se
507 2834 571 2868 oon-

74 2896 172 2944 tinente
192 2893 389 2960 declaraverat,
405 2912 467 2944 mox
486 2897 572 2946 variat

75 2971 99 3021 in
111 2970 188 3034 Nilo,
202 2973 271 3022 intra
286 2971 390 3022 alveum
402 2985 518 3042 recepto.
532 2974 571 3024 De

75 3051 192 3121 Messapo
203 3070 228 3101 v.
242 3049 276 3102 ad
291 3051 412 3120 V11,691
428 3052 489 3103 Exc.
503 3053 570 3102 Vlll.

75 3159 106 3169 -
117 3130 159 3182 26.
173 3130 259 3201 pictai
268 3131 357 3194 vestis,
371 3133 430 3200 qui,
440 3144 469 3181 ut
482 3132 573 3185 Etrus·

77 3229 181 3274 corum,
196 3211 237 3262 ita
245 3209 362 3263 aliorum
373 3210 500 3263 Italorum
514 3229 575 3262 mos

76 3308 130 3341 esse
143 3289 250 3352 debuit,
265 3302 294 3339 ut
305 3289 422 3340 vestibus
432 3292 573 3361 variegatis

77 3370 165 3420 colore
180 3381 210 3420 et.
219 3381 320 3420 textura
332 3382 478 3420 uterentur.
487 3399 520 3408 -
531 3373 572 3423 28.

77 3447 229 3516 Tyrrhidoe,
250 3447 303 3498 vid.
334 3466 393 3517 sup.
419 3449 481 3511 Vll,
506 3449 574 3516 484,

76 3526 133 3578 532.
151 3537 248 3597 septem
266 3545 371 3592 surgens
388 3527 524 3577 amnibus:
539 3527 574 3579 ad

76 3607 142 3656 ostia
153 3605 226 3656 solet
233 3606 340 3672 referri,
352 3620 381 3657 ut
393 3620 495 3675 septem
505 3609 574 3659 ostia

75 3682 173 3737 habeat
188 3684 307 3756 Ganges,
328 3684 375 3736 sed
390 3697 521 3757 repugnat
532 3705 575 3738 ve-

77 3777 171 3821 terum
180 3762 245 3814 fides
266 3777 291 3815 et
309 3766 415 3834 opinio,
429 3782 482 3834 qua
492 3784 575 3817 unum

77 3856 180 3895 tantum
194 3842 308 3894 fluminis
326 3862 355 3894 os
370 3862 426 3896 esse
446 3843 576 3896 creditum

79 3935 128 3983 est;
143 3935 276 3992 repugnat
286 3941 392 3993 quoque
403 3941 453 3974 vox
461 3941 574 3994 surgens.

79 3998 121 4050 Sin
140 4000 175 4052 ad
196 4001 284 4051 fontes
304 4019 429 4052 revoces:
453 4004 577 4054 convenit

79 4097 134 4133 voc.
158 4098 271 4154 surgens.
285 4081 318 4135 de
337 4082 498 4156 scaturigine
516 4101 578 4155 pro·

615 1703 673 1772 prie
685 1701 738 1753 dici
752 1701 867 1752 solitum.
880 1698 914 1748 At
926 1697 986 1749 talis
998 1699 1113 1750 fontium

615 1799 741 1833 numerus
751 1780 815 1832 alibi
826 1797 879 1829 non
887 1789 1056 1829 memoratur.
1066 1776 1114 1828 Sn-

615 1873 717 1932 perest,
728 1874 756 1912 ut
766 1878 855 1910 amnes
863 1860 916 1909 sint
926 1857 1006 1919 alvei,
1017 1858 1114 1926 quibus

615 1941 737 2010 Ganges,
750 1938 910 1992 ementibus
924 1936 1031 1987 Emodis
1048 1955 1114 2006 pro·

616 2037 735 2091 gressus,
749 2030 774 2070 et
786 2036 834 2090 per
845 2014 983 2087 planitiem
993 2015 1116 2065 locorum

617 2099 720 2150 delatus
735 2100 834 2150 fertur:
847 2096 920 2167 quod
935 2114 995 2146 cum
1009 2094 1061 2146 fide
1072 2114 1116 2146 ve-

617 2191 703 2229 terum
724 2177 860 2237 convenit;
883 2177 932 2227 etsi
951 2175 984 2225 de
1003 2192 1115 2226 numero

618 2258 753 2310 alveorum
764 2256 838 2309 haud
850 2257 988 2319 convenit,
1004 2272 1054 2306 nec
1065 2272 1116 2325 pro

619 2356 712 2389 cursus
729 2336 895 2409 longitudine
910 2348 936 2387 et
950 2337 1058 2385 sinuosa
1070 2340 1117 2385 va'·

618 2421 712 2470 rietate
721 2419 862 2470 convenire
870 2417 966 2487 potuit.
978 2414 1013 2465 At
1022 2415 1049 2465 in
1061 2414 1118 2486 pla-

618 2500 659 2549 nis
673 2497 738 2549 locis
757 2498 841 2549 fertur
854 2496 910 2564 jum
925 2493 1017 2545 sedatis
1027 2493 1118 2544 amisi-

620 2577 680 2641 lms,
694 2576 783 2628 sedate
794 2595 825 2627 ac
838 2576 931 2635 taeite;
945 2575 1024 2625 etiam
1037 2587 1117 2625 aucto
1193 2635 1200 2648 '

619 2657 704 2706 solitis
716 2658 779 2708 anni
788 2654 891 2706 vicibus
901 2654 977 2706 alveo
987 2675 993 2703 ε
1004 2672 1058 2723 quo
1069 2653 1119 2703 du·

619 2754 680 2787 cere
691 2735 796 2786 videtur
807 2752 866 2785 voc.
880 2750 998 2804 surgens,
1016 2733 1119 2782 incres-

621 2832 682 2865 cens
689 2831 817 2882 aquarum
827 2825 915 2874 auctu,
922 2824 948 2862 et
956 2811 1040 2862 eluvie
1049 2812 1118 2861 ultra

620 2895 692 2962 ripas
705 2893 784 2942 facta.
793 2894 882 2942 Potest
891 2902 979 2941 tamen
992 2896 1048 2942 ess'e
1060 2893 1119 2942 sim-

620 2971 725 3041 pliciter
734 2989 798 3041 pro,
811 2969 950 3031 incedens;
968 2970 1017 3021 otsi
1029 2972 1119 3020 notio-

621 3069 682 3101 nem
705 3062 798 3102 auctus
824 3048 977 3116 adjunctam
1004 3067 1060 3100 esse
1084 3051 1122 3099 vi-

622 3130 707 3185 deam.
721 3132 803 3201 lgitur
817 3130 921 3199 Ganges
937 3129 999 3180 inde
1013 3129 1046 3180 ab
1060 3142 1120 3182 ortu

621 3223 723 3279 septem
734 3209 814 3261 alveis
824 3209 923 3260 incedit
937 3207 1026 3260 sedate
1037 3228 1067 3260 ac
1080 3222 1121 3262 ta-

623 3294 681 3344 cite.
703 3294 773 3343 Bene
792 3293 912 3344 Servius:
928 3293 1029 3362 Ganges
1040 3321 1074 3330 -
1085 3309 1123 3344 se·

622 3373 739 3423 cundum
760 3373 884 3423 Senecam
903 3373 930 3422 in
949 3372 1001 3421 situ
1017 3373 1124 3436 Indice,

622 3469 715 3500 novem
727 3448 893 3524 alveisjlus't5
910 3448 1050 3500 secundnm
1064 3451 1122 3500 Με-

624 3528 677 3578 lam
698 3528 742 3598 (in
763 3549 816 3598 quo
837 3541 924 3578 tamen
947 3526 1021 3577 locus
1039 3526 1122 3581 hodie

623 3626 678 3658 non
691 3609 779 3671 extat)
799 3616 902 3676 septem.
923 3607 1035 3658 Potuere
1054 3625 1123 3677 quo-

624 3704 691 3754 que,
702 3703 782 3754 quum
795 3685 884 3753 plures
895 3685 984 3754 magni
995 3704 1085 3737 amnes
1095 3689 1123 3738 in
1188 3734 1189 3741 ,

624 3763 742 3835 Gangem
765 3763 933 3828 deferantur,
958 3762 1051 3829 iidem,
1075 3785 1123 3818 seu

624 3845 746 3897 nonnulli
759 3864 789 3897 ex
801 3847 847 3910 iis,
860 3863 909 3916 pro
927 3845 1007 3896 alveis
1024 3847 1122 3918 Gangis

624 3925 733 3977 haberi:
747 3926 830 3976 multo
843 3928 940 3995 magis,
953 3928 975 3975 si
988 3927 1068 3978 luisse
1078 3945 1123 3978 ne·

625 4007 723 4056 minem
735 4006 848 4075 cogites,
861 4006 906 4072 qui
923 4016 1008 4054 totum
1023 4004 1122 4076 Gangis

626 4100 861 4139 eursumemensus
870 4095 947 4138 esset.
955 4083 1071 4140 Omnino
1079 4104 1124 4137 vo·
