2700 4822
247 408 288 491 aa
490 397 1033 476 P.V1RG1L11MARONIS

244 532 332 614 Quin
345 531 415 618 ipsa
425 526 578 606 adrectis,
592 528 665 592 visu
676 528 874 609 miserabile,
889 532 922 594 in
934 532 1035 597 hastis

245 637 421 724 Praefigunt
433 635 552 721 capita,
567 650 600 696 et
611 635 716 698 multo
728 635 870 700 elamore
882 658 1079 726 sequuntur,

243 742 375 830 Euryali
388 757 420 803 et
433 739 510 802 Nisi.

242 847 393 912 AEneadae
407 846 480 919 duri
493 867 663 908 murorum
675 845 708 907 in
721 863 812 932 parte
826 846 954 910 sinistra

242 954 436 1040 Opposuere
448 951 565 1028 aciem,
580 973 655 1013 narn
668 949 799 1014 dextera
812 952 953 1038 cingitur
964 955 1066 1034 amni,

209 1088 211 1093 ·
244 1059 455 1146 Ingentisque
468 1072 581 1119 tenent
593 1056 710 1133 fossae,
725 1071 757 1119 et
770 1056 914 1120 turribus
926 1058 999 1122 altis

241 1166 332 1230 Stant
343 1163 450 1226 moesti
462 1186 469 1223 ;
483 1161 580 1225 simul
593 1182 649 1223 ora
661 1161 767 1224 virum
779 1161 912 1248 praelixa
923 1164 1114 1246 movebant,

241 1274 326 1335 Nota
338 1268 434 1331 nimis
446 1266 588 1343 miseris,
601 1282 739 1354 atroque
751 1266 886 1330 fluentia
898 1267 985 1332 tabo.

240 1379 370 1440 luterea
382 1370 532 1460 pavidam
545 1371 684 1434 volitans
696 1388 839 1458 pennata
850 1396 910 1460 per
922 1373 1039 1437 urbem

239 1480 361 1547 Nuntia
374 1482 472 1542 Fama
483 1477 563 1555 ruit,
576 1477 755 1563 matrisque
766 1475 930 1542 adlabitur
940 1480 1029 1543 auris

1238 550 1285 610 tet

1237 1074 1284 1138 ιιι

239 1658 292 1690 cum
303 1640 369 1687 Iliad.
383 1637 406 1692 d,
419 1630 585 1694 titulatura
597 1629 649 1682 aion
663 1631 763 1684 inerret
773 1631 928 1697 Ἠγιμὸιων),
942 1650 969 1685 ut
986 1651 1045 1687 euet
1056 1641 1183 1705 synthesis,
1201 1659 1225 1693 et
1236 1646 1281 1694 alia

238 1715 313 1776 ligura
323 1728 328 1758 :
342 1714 436 1775 quisque
446 1710 503 1771 cogit
513 1714 636 1752 eluceant.
648 1704 762 1751 Montalb.
775 1719 798 1752 et
809 1707 913 1754 Parrhas.
931 1710 1018 1775 Quique
1029 1728 1094 1769 suos,
1108 1718 1177 1761 etiem
1188 1717 1280 1781 elegan-

239 1787 293 1830 tius.
306 1784 383 1827 Potest
393 1794 486 1841 qnoque
498 1779 531 1822 sie
543 1776 653 1835 distingui
665 1788 688 1821 et
702 1778 852 1838 interpungi:
869 1781 960 1825 Turnus
972 1785 995 1826 in
1005 1799 1070 1828 erma
1081 1787 1139 1831 υἰνοε
1147 1789 1282 1835 -Sascitat

241 1863 365 1916 tentosque
374 1853 432 1894 oei'es
437 1867 446 1903 ,·
458 1851 479 1892 in
488 1845 567 1909 prola
575 1850 634 1909 cogit
644 1845 744 1909 Quisque
752 1862 805 1892 suos
810 1865 819 1901 ,-
837 1851 948 1913 vadisque
957 1862 1043 1897 aeuum
1051 1855 1177 1901 rumoribus
1187 1861 1239 1903 im.
1249 1856 1283 1905 lta

238 1927 329 1972 veroin
340 1927 399 1969 viros
408 1928 532 1983 aeratasque
541 1921 599 1963 acies
616 1929 650 1962 est
660 1918 728 1962 otiosi
740 1917 805 1979 quid.
818 1919 864 1964 Aut
875 1922 907 1965 sic
918 1937 923 1966 :
936 1926 1008 1987 πυρίῃ·
1021 1924 1119 1989 Quisque
1134 1943 1187 1974 suos
1203 1933 1282 1975 variu-

237 2009 281 2058 que
290 2002 375 2040 aeuum
386 1989 511 2037 rumoribus
521 1991 573 2033 ι’ναε.
586 1988 692 2046 Quatuor
703 1988 879 2034 burmannianis
892 1991 975 2053 copula
987 1995 1012 2038 in
1023 1999 1136 2059 variisque
1152 1998 1224 2045 abest.
1240 2016 1280 2045 va·

237 2066 326 2127 nosque
337 2078 383 2108 sec.
393 2058 502 2105 Rottend.
514 2082 545 2092 -
556 2055 609 2112 465.
622 2058 729 2117 urriVen.
741 2056 840 2102 mirabile
850 2059 917 2104 multi
927 2062 1005 2108 Heius.
1017 2080 1044 2110 ex
1056 2081 1128 2112 more.
1140 2093 1171 2105 -
1181 2068 1236 2131 467.
1246 2070 1282 2114 An

237 2133 284 2180 boc
295 2131 466 2179 hemistichium
479 2145 507 2174 ex
519 2130 726 2189 interpretamento
738 2130 762 2172 in
774 2132 878 2191 margine
888 2132 1005 2196 adscripto
1022 2136 1161 2184 subnatum?
1171 2139 1281 2202 Adscrip·

237 2217 288 2251 tum
303 2207 328 2249 in
346 2203 401 2249 edit.
421 2200 521 2246 londini
537 2201 653 2260 repetita:
665 2200 698 2244 sic
708 2215 803 2245 censere
814 2217 907 2264 quoque
920 2217 1038 2252 auctorem
1049 2206 1117 2263 libri,
1132 2213 1170 2255 cui
1182 2210 1281 2257 titulus:

238 2274 324 2321 lettres
333 2272 360 2318 de
369 2269 476 2336 quelques
491 2268 551 2330 Juifs
566 2269 581 2313 d
596 2270 631 2312 M.
645 2266 861 2326 Volcatio-1168.
875 2275 898 2315 in
910 2272 972 2318 abest
987 2276 1052 2320 llom.
1066 2288 1089 2321 et
1100 2277 1161 2324 binis
1171 2279 1281 2326 llottend.

237 2371 269 2381 -
280 2343 333 2405 469.
346 2359 399 2387 nom
411 2342 490 2386 dextre
502 2340 633 2402 agnoscitur
645 2341 763 2385 Prisciano
781 2339 822 2385 lib.
835 2341 891 2397 Vll,
907 2354 930 2403 et
941 2345 973 2388 sic
985 2344 1055 2390 Goth.
1069 2362 1104 2407 pr.
1116 2348 1162 2392 Sed
1176 2347 1282 2395 defendit

237 2413 336 2459 alterum
347 2411 460 2458 librorum
468 2411 591 2455 auctoritas
601 2426 638 2472 ap.
649 2409 727 2454 lleins.
738 2418 870 2454 namnetem
878 2410 947 2455 Goth.
959 2424 1011 2457 tert.
1021 2428 1086 2458 omni·
1096 2418 1172 2478 Sprot.
1184 2443 1215 2453 --
1226 2418 1280 2481 471.

238 2482 356 2529 movebant
366 2482 445 2526 lleins.
460 2496 472 2525 e
484 2482 531 2525 suis
543 2491 566 2525 et
578 2480 690 2524 Pierianis
701 2481 810 2524 restituit.
830 2479 950 2528 monebant
959 2497 995 2543 pr.
1013 2483 1094 2527 llamb.
1107 2501 1150 2547 pro
1162 2502 1210 2532 var.
1226 2485 1280 2546 lect.

237 2552 315 2614 Vulgo
326 2565 379 2598 ante
392 2552 470 2599 lleins.
484 2549 569 2595 lectum
587 2549 703 2602 videbant,·
722 2547 819 2595 dederat
835 2561 911 2595 tamen
924 2550 1040 2596 movebant
1051 2554 1180 2614 Naugerius
1191 2557 1216 2599 in
1229 2554 1281 2600 Ald.

236 2634 290 2668 tert.
303 2633 326 2666 et
339 2637 367 2666 ex
379 2635 406 2666 eo
419 2618 467 2664 alii.
479 2616 548 2664 simul
558 2634 601 2681 pro
613 2618 696 2681 copula
714 2628 748 2663 est
765 2634 771 2663 ε
789 2634 833 2664 uec
846 2620 946 2664 Stant·
955 2620 1047 2665 simulare
1064 2621 1168 2667 videbant
1183 2622 1282 2669 latinum

238 2705 305 2739 esset.
319 2717 351 2727 -
364 2690 417 2753 ἀγα.
429 2692 490 2735 Noto
503 2693 567 2734 ιηὶιιίε
578 2705 623 2736 sec.
638 2690 707 2735 Goth.
721 2716 750 2726 -
763 2689 816 2751 473.
827 2693 920 2752 pt'oueto
930 2691 1016 2737 Medic.
1031 2704 1053 2737 et
1063 2693 1124 2738 Gud.
1135 2710 1188 2739 cum
1200 2696 1281 2750 Rom.;

239 2775 263 2808 et
279 2764 311 2808 sie
324 2763 423 2808 Servius.
436 2786 467 2796 -
478 2757 531 2822 474.
544 2762 572 2805 F.
583 2764 641 2824 perit
652 2762 711 2806 Ven.
725 2777 737 2805 a
750 2776 781 2805 m.
793 2775 829 2821 pr.
841 2775 910 2805 auras
921 2760 1008 2806 Medic.
1020 2778 1033 2806 a
1044 2777 1075 2805 m.
1089 2778 1124 2823 pr.

237 2904 383 2956 rumoribus
401 2905 478 2956 docte
490 2904 594 2956 videtur
614 2907 731 2975 positum

235 3004 286 3057 pro
310 2984 476 3050 hortatibus,
494 2984 612 3036 vocibus.
626 3015 659 3022 —
670 2984 728 3051 468.

235 3067 275 3118 De
288 3066 408 3117 locorum
419 3068 470 3116 situ
478 3085 503 3116 v.
514 3065 575 3116 Exn.
589 3066 624 3116 lll
637 3064 671 3115 ad
683 3063 729 3114 lib.

235 3147 283 3197 Vll
293 3156 319 3195 et
331 3161 388 3215 sup.
401 3143 435 3194 ad
447 3163 471 3194 v.
485 3143 542 3214 195.
554 3145 635 3196 Poeta
647 3143 731 3194 videri

234 3237 322 3297 potest
351 3237 478 3294 tanquam
503 3227 530 3274 in
558 3224 730 3288 Rutulorum,

235 3316 322 3369 castra
343 3302 532 3368 adoriendum,
550 3304 653 3373 agmine
676 3321 732 3353 ver·

234 3401 295 3436 sans
310 3400 380 3433 nunc
395 3385 528 3433 sinistram
539 3399 630 3431 versus
642 3399 730 3446 mare,

234 3461 353 3514 dextram
373 3474 476 3531 partem
501 3478 592 3511 versus
615 3458 730 3510 Tiberim

233 3559 397 3592 memorare:
413 3543 504 3610 sicque
522 3538 671 3591 statuebam
685 3558 732 3590 an-

233 3633 291 3682 tea;
304 3639 374 3670 nunc
394 3618 472 3670 video
492 3620 602 3669 nimium
619 3620 656 3668 sic
673 3630 730 3668 tur-

232 3700 293 3751 bari
304 3701 331 3750 in
344 3701 451 3762 ceteris,
465 3712 490 3751 et
502 3697 663 3749 manendum
673 3716 729 3751 esse

232 3779 261 3828 in
273 3797 318 3842 eo,
331 3790 361 3828 ut
372 3796 433 3848 pars
441 3777 543 3828 sinistra
556 3795 690 3828 morumne
703 3789 730 3828 et

232 3855 260 3907 h.
273 3857 290 3907 l.
302 3859 335 3907 sit
346 3876 377 3907 ex
388 3858 477 3926 positu
489 3867 635 3906 castrorum
647 3875 730 3926 apar-

232 3934 304 3985 tibus
325 3936 469 4002 Trojanis:
496 3934 603 3984 Excurs.
626 3936 637 3983 l
655 3933 676 4004 †
693 3934 728 3984 ad

231 4013 303 4064 hunc
314 4014 412 4064 librum
423 4015 466 4063 tx.
479 4033 495 4063 a
514 4011 578 4064 loeva
588 4023 663 4084 parte
675 4032 728 4064 cas-

232 4103 332 4146 trorum
346 4105 425 4164 porta
441 4104 512 4164 erat,
526 4110 542 4146 a
558 4110 612 4164 qua
630 4091 728 4166 duplex

779 2906 824 2955 ria
836 2902 968 2968 ducebat,
986 2903 1070 2955 altera
1086 2903 1233 2956 secundum
1251 2904 1281 2955 li·

780 2995 838 3048 tus,
851 3000 942 3033 versus
954 2982 1131 3048 Laurentum,
1153 2983 1237 3036 altera
1252 2985 1280 3034 in

779 3062 907 3121 interiora
924 3063 993 3132 agri,
1009 3080 1075 3132 qua,
1096 3075 1167 3114 retro
1186 3064 1221 3115 ad
1239 3065 1280 3115 Ti·

778 3139 864 3190 berim
893 3159 984 3191 versus
1013 3143 1108 3194 collem
1130 3143 1279 3195 Palatinum

779 3222 917 3290 pervenire
940 3233 1054 3290 poterat.
1073 3224 1194 3274 Firmani
1213 3225 1280 3274 Tro·

777 3302 835 3367 jani
847 3298 976 3370 praesidiis
986 3300 1085 3351 vallum
1098 3300 1131 3351 ab
1144 3299 1212 3354 laeva
1222 3321 1281 3372 pan·

781 3393 820 3444 te,
831 3399 884 3450 qua
891 3381 980 3432 Rutuli
991 3399 1148 3451 oppugnare
1158 3385 1281 3435 munitio·

780 3479 840 3511 nem
859 3479 906 3513 seu
925 3461 1031 3525 urbem,
1054 3480 1134 3532 quam
1153 3464 1278 3535 Virgilius

779 3539 916 3610 perhibet,
931 3552 1056 3610 poterant
1071 3541 1237 3594 :collocant
1248 3560 1280 3594 ea

779 3619 873 3688 inipso
881 3618 966 3686 vallo,
975 3637 1021 3670 seu
1031 3636 1108 3669 muro
1117 3631 1143 3670 et
1152 3620 1278 3688 turribus,

780 3716 845 3768 quas
857 3700 931 3750 fossa
941 3700 1032 3750 ambit.

813 3779 864 3847 473
884 3796 923 3847 sq.
944 3780 1108 3848 Comparant
1128 3779 1277 3832 Androma-

778 3859 833 3910 chae
844 3857 1050 3928 trepidationem
1060 3872 1086 3910 et
1093 3859 1196 3912 luctum
1201 3860 1276 3913 Iliad.

777 3952 809 4001 χ,
823 3937 872 4003 447
887 3955 960 4006 seqq.
975 3951 1001 3988 et
1018 3935 1094 3989 Iliad.
1108 3941 1142 4007 ζ,’
1156 3940 1209 3992 388
1221 3954 1275 4009 seq.

777 4017 812 4067 Ut
821 4018 981 4067 imitatorem
992 4019 1077 4068 minus
1088 4019 1194 4070 subacti
1203 4018 1276 4089 judi·

776 4096 971 4166 allegantem,
990 4097 1026 4159 cfr
1044 4097 1121 4153 Statii
1137 4100 1175 4155 ΠΙ
1191 4096 1275 4166 Theb.=
