2700 4822
425 394 662 461 AENEIDOS
685 397 839 461 LIBER
862 399 924 462 IX.

150 526 284 601 AEneas;
297 522 324 586 si
338 545 403 611 qua
415 522 540 585 interea
553 521 685 584 fortuna
697 522 827 600 fuisset,
902 546 911 563 ²

149 630 223 691 Neu
235 643 363 692 struere
374 624 536 690 auderent
547 625 666 706 aciem,
680 649 746 690 neu
758 626 894 693 credere
906 649 1038 716 camp03

149 735 261 796 Castra
274 732 390 811 modo,
406 749 440 796 et
450 749 540 796 tutos
552 747 721 795 servarent
731 753 850 819 aggere
862 755 985 797 muros.

147 842 251 927 Ergo,
266 842 327 904 etsi
339 841 490 905 conferre
502 861 637 903 manum
648 836 758 925 pudor
770 841 883 928 iraque
898 857 1071 922 monstrat,
1148 876 1151 880 ⁴

146 944 320 1034 Objiciunt
331 963 441 1034 portas
453 961 579 1021 tamen,
593 959 625 1007 et
637 960 802 1032 praecepta
814 945 993 1026 facessunt,
1161 960 1192 1018 ts

148 1053 342 1140 Armatique
353 1052 440 1116 cavis
453 1065 641 1138 exspectant
652 1049 797 1114 turribus
810 1049 949 1117 hostem.

147 1158 297 1236 Turnus,
312 1173 349 1220 ut
360 1173 435 1221 ante
448 1156 562 1220 volans
574 1153 705 1219 tardum
717 1174 926 1244 praecesserat
938 1180 1070 1245 agmen,

148 1261 275 1347 Viginti
288 1261 380 1325 lectis
392 1261 541 1349 equitum
552 1261 726 1325 comitatus
739 1278 772 1325 et
784 1260 858 1324 urbi

150 1367 343 1454 inprovisus
355 1365 462 1445 adest3
474 1366 611 1432 maculis
623 1388 724 1454 quem
735 1365 896 1430 Thracius
908 1366 990 1432 albis

150 1474 261 1538 Portas
274 1497 394 1563 equus,
408 1475 572 1562 cristaque
584 1474 665 1561 tegit
677 1473 768 1560 galea
779 1496 877 1538 aurea
890 1474 999 1539 rubra.
1163 1491 1198 1538 5⁸

155 1607 167 1636 1
180 1580 302 1667 Ecquis
315 1580 378 1644 erit
389 1603 533 1658 mecum,
543 1579 704 1668 juvenes?
716 1581 773 1669 qui
785 1581 912 1667 primus
924 1581 958 1644 in
970 1579 1119 1645 hostem?

151 1685 214 1763 En;
227 1713 241 1741 n
256 1685 320 1748 ait:
335 1700 368 1748 et
375 1685 521 1774 jaculum
533 1684 736 1773 adtorquens
750 1686 869 1749 emittit
881 1687 914 1749 in
927 1708 1021 1752 auras
1027 1736 1040 1766 ,.

152 1790 352 1877 Principium
363 1813 497 1878 pugnae,
512 1807 544 1855 et
556 1813 673 1878 campo
686 1813 757 1855 sese
769 1789 892 1855 arduus
904 1791 1013 1856 infert.

152 1893 299 1957 Clamore
312 1896 478 1982 excipiunt
490 1896 584 1974 socii,
598 1896 800 1984 fremituque
813 1913 998 1983 sequuntur

152 2001 529 2080 Horrison03Teucrum
542 2001 702 2064 mirantur
713 2001 829 2064 inertia
841 1999 956 2080 corda3
1163 2017 1192 2064 55

178 2150 217 2207 41.
234 2153 256 2195 si
266 2167 313 2214 qua
328 2154 342 2196 ἰ.
359 2153 385 2196 F.
404 2149 490 2198 uisus
505 2151 570 2198 malit
585 2153 623 2198 Je.
640 2151 779 2206 Schrader.;
792 2150 838 2197 lioc
854 2163 931 2197 umen
946 2167 995 2197 non
1010 2154 1087 2198 minus
1102 2155 1194 2200 incom-

151 2219 252 2265 modum.
270 2220 371 2266 Videtur
385 2224 464 2285 siqua
474 2222 572 2284 fortuna
582 2221 669 2284 fuisset
686 2221 774 2267 dictum
791 2234 828 2278 ut,
851 2237 991 2286 quacunque
1000 2222 1097 2285 fortuna
1106 2224 1196 2290 fuerit,

149 2305 175 2336 aa
182 2289 282 2353 fortuna
298 2290 360 2336 urbis
368 2291 425 2354 filit.
438 2318 469 2328 —
480 2292 518 2348 41.
531 2295 568 2338 Ne
582 2299 623 2337 str.
640 2292 680 2337 alii
690 2292 760 2338 codd.
770 2302 794 2337 et
803 2304 858 2337 vett.
869 2291 924 2338 cdd.
938 2296 1009 2337 aciem
1021 2310 1033 2338 e
1045 2294 1115 2339 codd.
1132 2299 1193 2343 Pier.

150 2376 191 2423 pro
206 2359 314 2422 vulgato,
333 2361 398 2423 quod
413 2363 529 2408 llomanus
545 2378 640 2425 quoque
657 2360 763 2417 exhibet,
779 2366 856 2406 acies:
873 2373 921 2406 tum
935 2375 975 2407 nec
988 2377 1021 2407 cr.
1036 2363 1096 2409 Ven.
1112 2391 1144 2401 -
1155 2365 1193 2422 43,

151 2439 196 2476 uto
212 2429 313 2492 Oblonq.
330 2431 413 2486 Pierii,
428 2447 481 2476 cum
496 2432 567 2478 Goth.
584 2447 630 2478 sec.
648 2444 671 2476 et
686 2431 768 2492 fragm.
788 2432 862 2476 Vatic.
879 2447 892 2476 a
909 2447 944 2493 pr.
963 2447 995 2476 m.
1015 2443 1140 2479 servassent
1157 2452 1193 2498 pr.

149 2500 363 2562 1111111)111·5.-44.
371 2502 443 2565 furor
458 2506 537 2567 traque
550 2505 610 2549 Non.
627 2501 733 2548 Marcell.
746 2504 772 2547 in
780 2502 895 2564 cmfferre,¹
909 2515 957 2547 tum
969 2511 1094 2548 sensuam
1105 2505 1196 2568 aliquot

150 2571 229 2618 Heins.
241 2585 265 2617 ct
274 2573 353 2618 Burni.
364 2589 416 2617 cam
426 2573 507 2635 fragm.
518 2574 592 2619 Vatic.
603 2581 754 2620 monstrarent
762 2573 832 2619 Goth.
843 2589 889 2619 sec.
902 2597 933 2609 -
944 2572 981 2628 45.
993 2580 1080 2618 tantum
1095 2576 1194 2623 Dorvill.

149 2670 180 2680 —
189 2644 228 2701 46.
239 2649 288 2691 suis
295 2662 340 2707 pso
349 2650 410 2690 cauis
418 2648 495 2708 Sprot.
506 2646 555 2693 vid.
564 2649 643 2693 Burm.
654 2645 745 2691 urbibus
754 2647 841 2692 Medic.
854 2673 884 2683 -
891 2645 929 2708 47.
940 2648 1044 2710 rapidum
1051 2664 1074 2709 p.
1084 2650 1158 2710 Bigot.
1172 2661 1195 2696 ct

150 2716 218 2762 Goth.
233 2729 285 2763 tert.
296 2726 437 2780 processerat
453 2733 499 2764 sec.
518 2719 602 2764 Mores.
612 2743 643 2753 -
652 2716 690 2773 48.
707 2715 783 2763 electis
798 2718 912 2764 Montalb.
923 2744 954 2753 —
963 2717 1002 2779 49.
1019 2719 1194 2766 Hemistichium

148 2790 210 2835 idem
221 2789 262 2834 lib.
273 2790 302 2846 V,
313 2790 365 2835 565.
377 2815 408 2824 —
420 2791 456 2835 51.
467 2791 499 2834 Et
506 2793 557 2854 quis
566 2791 708 2835 recentiores
718 2789 767 2834 fere
776 2788 847 2833 codd.
857 2806 871 2835 o
876 2792 970 2852 juvenes
986 2801 1039 2835 ante
1049 2790 1128 2836 Heius.
1144 2791 1196 2837 lile·

148 2857 192 2907 lius
209 2862 384 2923 interpunqitur
394 2878 400 2906 :
412 2863 497 2926 Ecquis
512 2865 555 2906 erit
570 2876 669 2917 mecum,
682 2862 794 2923 juvenes?
809 2864 850 2924 qui
856 2877 892 2923 pr.
904 2864 927 2906 in
937 2859 1037 2907 hostem?
1049 2877 1118 2924 quam
1131 2861 1197 2924 quod

149 2942 212 2975 erat:
225 2931 310 2994 Ecquis
319 2933 469 2987 eritmecum,
478 2935 586 2994 juvenes,
603 2933 644 2995 qui
650 2933 737 2992 primus
753 2934 776 2974 iu
792 2929 894 2976 hostem?
905 2930 1025 2976 Mediceus
1037 2930 1108 2975 Pierii
1118 2942 1141 2976 et
1150 2943 1196 2975 tres

148 3017 184 3062 ap.
201 3001 280 3047 11111111.
299 3017 353 3047 cum
369 3001 439 3046 Goth.
456 3013 510 3048 tert.
526 3006 585 3066 quis.
603 3001 696 3063 Menag.
712 3001 770 3047 alter
781 3018 786 3046 ι
799 3004 843 3046 cui.
856 3027 887 3036 -
900 3002 937 3046 52.
951 3008 1082 3063 attorquens
1091 3000 1196 3045 Heinsc

148 3072 259 3118 Pierianis
269 3074 364 3136 suisque
371 3076 501 3121 revocarit:
515 3075 655 3136 exquisitum
664 3072 805 3119 vocabulum
815 3089 821 3118 ε
830 3088 874 3134 pro
884 3088 932 3135 quo
942 3070 1060 3134 vulgarius
1069 3075 1197 3133 intorqueas

148 3145 171 3188 in
184 3143 249 3198 aliis,
262 3143 301 3191 vel
312 3154 425 3209 torqueas.
434 3148 495 3191 Tum
508 3148 595 3191 emittat
606 3144 654 3190 duo
668 3146 746 3189 Burni.
762 3144 889 3190 evertitalii
899 3160 936 3206 ap.
947 3145 1008 3188 Pier.
1020 3166 1052 3178 -
1065 3141 1103 3188 53.
1112 3145 1197 3203 campis

149 3213 211 3259 llom.
222 3213 315 3277 aliquot
323 3217 402 3261 Burm.
413 3229 437 3262 et
446 3215 517 3261 Goth.
528 3227 581 3262 tert.
592 3230 645 3260 cum
654 3214 701 3260 Erf.
710 3214 781 3277 affert
795 3214 885 3278 aliquot
895 3216 956 3259 Pier.
972 3211 1039 3275 effert
1051 3211 1112 3267 art,
1128 3211 1196 3256 male·

148 3284 259 3348 tendere,
275 3287 375 3342 incedit,
390 3287 502 3350 frequens
512 3285 619 3347 Virgilio.
637 3287 699 3331 conf.
717 3288 759 3332 Ge.
768 3288 803 3342 ll,
823 3286 873 3343 145.
884 3310 915 3320 -
927 3283 964 3341 54.
980 3282 1104 3330 Clamorem
1117 3297 1198 3330 omnes

148 3369 229 3416 practer
239 3357 306 3403 llom.
317 3371 341 3404 ct
350 3359 436 3406 Medic.
453 3375 507 3405 cum
522 3358 604 3419 fragm.
617 3358 693 3404 Vatic.
704 3359 831 3421 Utramque
843 3357 969 3404 lectionem
983 3357 1086 3419 agnoscit
1094 3357 1195 3402 Servius.

147 3430 260 3490 accipiam
268 3428 381 3475 Montalb.
390 3456 421 3465 -
432 3430 470 3475 55.
481 3425 673 3490 HorrificoGotlt
684 3443 729 3473 sec.
741 3427 845 3472 mhercia
854 3424 953 3473 Dorrill.

145 3551 199 3618 jani
212 3552 283 3603 intra
294 3552 394 3603 vallum
405 3567 431 3606 et
442 3570 541 3604 muros.
555 3581 590 3590 —-
602 3551 645 3618 41.
696 3552 782 3616 adest,
792 3553 863 3602 forte
872 3560 998 3600 etvacare
1006 3545 1090 3597 videri
1097 3558 1194 3616 potest.

148 3631 168 3680 si
180 3631 240 3700 quis
252 3629 317 3682 belli
327 3649 404 3683 casas
415 3650 442 3684 se
453 3633 649 3692 offerret;ver·
687 3632 838 3694 ¹Enimvero
859 3626 1016 3699 jungenda:
1041 3627 1145 3679 Turnus
1160 3629 1197 3679 ri-

147 3707 194 3774 bo,
207 3708 309 3779 siquid
322 3710 463 3764 accideret.
475 3710 558 3776 -44,
574 3727 649 3760 moa-
697 3711 762 3780 giuti
775 3707 908 3779 equitibus
921 3706 1058 3758 comitatus
1068 3706 1199 3777 etimpro·

147 3797 209 3839 strat
223 3787 250 3839 h.
269 3787 288 3840 l.
307 3788 444 3855 hortatur,
466 3789 576 3857 suadet,
597 3789 649 3838 im·
699 3789 767 3840 visus
780 3788 838 3838 urbi
850 3786 927 3838 adest.
941 3787 1035 3855 ltaque
1048 3786 1200 3854 interpunc-

148 3866 229 3936 pellit.
243 3870 313 3920 Nam
327 3869 492 3940 quisuadet‚
505 3880 648 3933 monstrat,
699 3871 798 3920 tionem
817 3880 879 3938 post
895 3865 1033 3917 comitatus
1051 3864 1152 3915 sustuli.
1169 3864 1198 3914 ln

149 3946 209 4015 quid
230 3949 266 3998 sit
286 3948 458 4017 faciendum,
482 3961 508 4001 et
530 3965 584 4020 qua
606 3967 650 4000 ra·
701 3965 770 4017 equo
785 3946 962 3998 Thracionon
973 3942 1140 4003 haerendum3
1154 3962 1200 3994 cn-

149 4026 227 4079 tione.
698 4029 741 4097 jus
751 4028 854 4098 generis
865 4023 1081 4095 equorumcopia
1088 4023 1115 4071 in
1123 4023 1199 4072 Latio

181 4104 223 4170 48.
237 4107 267 4159 111
279 4107 368 4162 verbis
381 4107 477 4162 erarii
495 4108 653 4183 Improvisus
698 4108 874 4178 yixtumeue
882 4105 984 4180 potuim
997 4102 1047 4162 sed
1057 4115 1134 4156 ornat
1143 4103 1200 4173 epi·
