2700 4822
256 422 295 465 22
507 401 541 462 Ρ.
566 400 797 463 ῊΒῦΙΗΙ
820 405 1051 472 MARONIS

252 526 326 586 Nou
341 523 383 586 ite
396 546 449 585 me
462 524 604 610 genitor,
619 521 714 589 bellis
726 523 897 604 adsuetus,
911 527 1070 615 Opheltes

252 628 441 716 Argolicum
454 646 614 693 terrorem
628 630 714 694 inter
725 631 902 719 Trojaeque
915 632 1044 698 labores

252 735 424 825 Sublatum
438 735 573 815 erudiit;
587 759 650 800 neo
662 753 773 801 tecum
785 738 861 800 tolia
874 739 974 824 gessi,

245 842 502 928 'Magnanimum
515 845 653 921 AEnean,
668 858 701 905 et
713 843 778 906 fata
792 860 937 907 extreme
949 861 1091 909 secutus.

252 947 311 1011 Est
323 946 391 1024 hic,
407 965 455 1012 est
467 949 596 1012 enimus
608 948 691 1012 lucis
703 966 904 1028 contemtor,
919 967 951 1014 et
964 951 1063 1015 istum

252 1052 318 1133 Qui
331 1053 395 1116 vito
408 1051 493 1116 hene
506 1052 619 1118 credat
631 1055 710 1132 emi,
725 1077 792 1142 quo
805 1055 927 1134 tendis,
941 1056 1112 1120 honorem.
1125 1085 1140 1114 r

250 1158 349 1222 Nisus
362 1157 404 1221 ad
417 1158 488 1225 haec
501 1181 507 1221 :
526 1188 539 1218 «ι
552 1158 718 1247 Equidem
731 1159 773 1224 de
785 1177 818 1224 te
831 1162 878 1224 nil
890 1162 954 1226 tole
965 1161 1117 1241 verebar3

162 1286 165 1292 ’
250 1266 320 1328 Nec
334 1263 397 1344 ias;
410 1288 497 1329 non:
512 1265 556 1331 ita
569 1288 623 1329 me
636 1267 757 1329 referat
769 1265 830 1332 tihi
844 1289 981 1354 magnus
994 1284 1148 1331 ovantem

251 1371 419 1458 Juppiter,
433 1388 490 1435 aut
502 1372 705 1460 quicumque
719 1372 824 1437 oculis
835 1372 906 1437 haeo
917 1372 1057 1460 adspicit
1068 1372 1180 1461 aequis.

251 1476 330 1554 Sed,
344 1477 372 1540 si
385 1477 473 1564 quis,
488 1501 562 1566 quse
575 1479 678 1541 multo
691 1477 783 1542 vides
796 1477 984 1542 discrimine
997 1477 1067 1555 toli,
1256 1506 1300 1538 πω

250 1581 285 1646 Si
297 1583 371 1670 quis
384 1583 419 1645 in
429 1581 607 1648 adversum
619 1585 740 1671 rapiat,
754 1606 904 1662 casusve,
919 1583 1057 1663 deusve,

251 1688 303 1751 Te
315 1708 488 1774 superesse
500 1687 616 1780 velim;
628 1705 684 1752 tua
696 1690 762 1752 vito
775 1688 906 1775 dignior
918 1707 1004 1753 aetas.

252 1794 313 1872 Sit,
328 1793 386 1882 qui
397 1817 451 1859 me
464 1810 595 1882 raptum
607 1818 733 1882 pugno,
747 1795 896 1882 pretiove
909 1795 1097 1860 redemtum

251 1979 349 2027 Dorvill.
364 2006 397 2017 -
411 1995 463 2027 noo.
486 1985 604 2026 Terrorem
616 1967 747 2044 Arqolicitm
761 1980 866 2026 Parrhes.
882 2005 913 2015 -
929 1979 981 2037 sod.
993 1980 1062 2044 sacta
1079 1981 1127 2026 duo
1143 1980 1221 2024 Bnrm.
1233 1978 1301 2042 sama

251 2054 317 2097 Rom.
330 2079 361 2089 ·-
374 2053 426 2097 205.
446 2052 523 2098 Schoi.
544 2055 611 2098 Statii
623 2053 653 2097 ad
663 2052 738 2098 Theb.
754 2053 777 2106 1,
790 2053 833 2114 607
845 2054 881 2096 En
897 2051 933 2097 hic
945 2062 990 2109 est,
1010 2054 1039 2098 od
1051 2055 1094 2108 111,
1115 2050 1242 2098 6031stttc
1260 2060 1301 2097 est.

251 2122 405 2183 Cuningham.
420 2122 482 2181 conj.
496 2123 550 2176 Est,
566 2130 601 2167 est
613 2120 655 2166 hic.
668 2121 762 2167 Scilicet
772 2125 790 2167 si
806 2122 880 2168 altero
890 2123 961 2168 modo
972 2126 1084 2184 scriptum
1096 2122 1188 2174 fuisset,
1202 2120 1301 2166 atterum

251 2195 400 2254 conjecturas
417 2193 502 2255 aliquis
519 2194 603 2240 fuerat.
621 2193 655 2237 Ad
668 2192 722 2238 tatia
736 2193 838 2240 ludibria
856 2210 938 2256 magna
950 2211 1003 2257 pars
1014 2196 1087 2240 critici
1104 2192 1174 2254 vulgo
1188 2194 1302 2238 acuminis

250 2264 329 2309 redire
341 2263 412 2320 solet;
427 2278 477 2310 tum
489 2268 540 2310 vr'toe
551 2274 690 2327 contemptor
701 2268 777 2327 Sprot.
789 2282 833 2328 pro
852 2266 899 2312 div.
916 2266 970 2312 lect.
991 2276 1014 2311 et
1030 2269 1104 2329 ipsum
1117 2282 1152 2327 pr.
1165 2262 1256 2309 Zulich.
1270 2286 1303 2310 -.

252 2333 304 2378 τοῦ.
316 2334 388 2379 credit
398 2350 444 2380 sec.
457 2335 541 2380 Moret.
554 2352 600 2398 quo
613 2336 683 2380 tendit
692 2336 739 2381 duo
752 2337 844 2393 Burm,
857 2353 889 2382 sc.
900 2340 1002 2392 animus;
1012 2352 1094 2383 verum
1103 2336 1132 2380 ad
1142 2348 1245 2380 mentem
1254 2335 1301 2378 Eu·

250 2404 309 2471 ryali
321 2403 418 2450 alterum
432 2419 466 2452 est
477 2409 570 2468 gravius
583 2424 588 2452 :
604 2408 634 2453 ad
645 2424 714 2469 quem
725 2419 750 2452 tu
760 2409 843 2454 tendis.
855 2409 901 2466 Qui
909 2409 963 2454 benc
972 2409 1102 2455 crederem·
1108 2411 1154 2452 vito
1166 2405 1236 2450 Goth.
1248 2416 1301 2450 tert.

249 2504 282 2514 —
299 2495 350 2523 210.
363 2481 405 2542 qui
416 2480 500 2525 Moret.
515 2496 555 2541 qu.
567 2505 599 2514 -
611 2495 662 2524 212.
674 2481 752 2525 Heius.
766 2483 791 2524 in
803 2476 842 2525 ora
860 2482 947 2526 codicis
958 2484 1009 2526 vitoe
1023 2480 1187 2541 adscripserit,
1202 2489 1228 2522 ut
1243 2487 1303 2521 esset

251 2558 307 2595 oetos
318 2552 382 2605 vitm,
394 2550 481 2613 diqnior
492 2563 569 2595 autem
582 2567 625 2611 pro
637 2553 729 2612 justior.
742 2553 790 2596 Hoc
802 2564 835 2596 est
845 2554 954 2611 argutari.
967 2560 1005 2595 tuo
1016 2560 1083 2604 oetoS,
1094 2550 1190 2609 juventu
1197 2581 1205 2601 ,
1217 2546 1304 2609 dr'qnior

250 2630 285 2667 est
294 2625 347 2666 vita.
360 2648 392 2659 -
405 2621 456 2666 213.
469 2623 495 2665 Si
503 2624 543 2686 qni
554 2621 614 2667 sud.
629 2638 642 2667 a
654 2639 685 2666 m.
698 2638 734 2684 pr.
748 2624 772 2666 Si
782 2625 833 2686 quis
843 2623 880 2668 vel
892 2624 930 2668 Set
941 2625 992 2686 quis
1004 2639 1039 2684 pr.
1052 2620 1161 2666 hottend.
1171 2633 1255 2682 pupnoe
1271 2615 1302 2661 al·

244 2769 321 2842 sapis
332 2790 382 2842 pro
399 2771 517 2842 vulgari,
539 2791 660 2836 recusos,
681 2774 752 2824 reiu·
802 2773 982 2839 annoniecta,
995 2784 1021 2824 et
1032 2782 1158 2842 percepta
1168 2770 1302 2820 sententie

250 2853 297 2922 gis.
310 2881 344 2890 -—
355 2869 414 2904 202.
425 2850 678 2916 Non—sublatum,-
691 2852 753 2902 edu·
801 2853 911 2904 exultet!
928 2853 1033 2904 Habent
1046 2851 1130 2902 simile
1148 2847 1213 2920 quid
1226 2848 1299 2910 loco3

237 2944 340 2983 reatum
348 2949 376 2982 se
385 2933 413 2983 in
424 2931 496 2982 bello
510 2931 544 2983 ad
556 2934 664 3001 'frojam
676 2943 751 3002 gesto

249 3012 343 3062 innuit.
357 3013 408 3062 Pro
421 3012 540 3083 vulgari:
559 3031 614 3062 non
627 3030 676 3082 ego
689 3011 750 3062 talis

249 3109 316 3142 sum.
330 3109 393 3156 neo,
404 3091 549 3162 etquidem
560 3101 643 3141 tecum
650 3129 659 3154 ,
670 3109 749 3160 quam

250 3172 381 3222 suaviter!
392 3169 543 3242 taliuqessi:
557 3182 587 3220 ut
596 3189 632 3220 sc.
643 3182 670 3219 tu
681 3171 750 3220 refu·

248 3268 311 3321 gere
329 3252 429 3320 possis,
449 3261 475 3301 et
495 3248 566 3300 nolle
585 3263 629 3300 rne
648 3249 750 3298 socium

248 3331 436 3400 susceptifacti
445 3329 597 3400 adjungere.
607 3329 689 3398 Igitur
694 3329 750 3395 jam

248 3411 429 3481 experimento
456 3408 561 3459 virtutis
589 3409 652 3458 satis
678 3406 750 3457 clara

187 3497 193 3509 '
248 3488 370 3541 ediderat
394 3491 499 3558 juvenis
525 3489 695 3540 fortissimus.
714 3517 750 3530 —

248 3568 308 3633 nod.
328 3568 391 3638 fata
416 3579 546 3632 extrema,
570 3569 674 3638 possint
693 3584 750 3618 esse

246 3646 346 3715 Trojae;
372 3648 419 3698 sed
442 3650 534 3698 AEneoe
555 3665 612 3720 esse
634 3647 748 3712 debent,

246 3724 312 3795 fuga
340 3744 371 3776 ex
394 3727 474 3789 urhe,
499 3744 610 3777 errores.
631 3756 664 3764 -
688 3725 746 3779 205.

247 3805 308 3855 206.
321 3806 419 3855 Versus
430 3807 562 3869 omnium,
576 3823 643 3874 quos
654 3807 749 3857 memi-

246 3884 291 3948 ni,
304 3887 440 3936 sententiae
450 3887 638 3955 generositate,
646 3897 672 3936 et
680 3905 750 3956 mag·

246 3965 403 4015 nanimitate
436 3964 654 4034 praestantissimi.
683 3964 749 4017 Sen-

246 4061 318 4107 sum,
333 4046 445 4115 quisque
462 4063 555 4109 suurn,
576 4046 706 4111 excutiat,
723 4060 749 4098 et

244 4124 355 4193 juvenes
378 4126 493 4196 ingenue
510 4139 588 4180 natos
610 4125 747 4198 observet,

800 2933 903 2982 Horatii
926 2931 1013 2982 iliud:
1032 2930 1181 2999 animmque
1198 2944 1308 2999 mupnoe

799 3011 945 3082 Prodipum
959 3009 1086 3061 Paullum
1099 3006 1189 3078 (quod
1202 3006 1303 3057 Statius

798 3090 848 3154 ΠΙ,
867 3090 918 3140 603
936 3088 1075 3161 laryusque
1086 3086 1183 3136 animm
1190 3125 1198 3151 ,
1210 3087 1233 3138 si
1241 3106 1304 3138 sua-

798 3168 861 3220 serit
872 3168 942 3241 ira),
960 3181 986 3218 et
1002 3168 1102 3218 Lucani
1114 3165 1147 3215 de
1160 3164 1302 3216 Germanis

798 3249 810 3298 i
818 3285 826 3313 ‚
842 3249 891 3314 461
905 3248 1053 3319 animmque
1066 3263 1172 3315 capaces
1187 3245 1302 3309 Mortis,

799 3338 825 3378 et
838 3329 963 3399 ipnavttm
977 3327 1098 3378 rediturus
1109 3343 1219 3396 parcere
1230 3326 1298 3375 vitoe.

799 3406 908 3472 Quanto
929 3407 1023 3457 exilior
1041 3404 1117 3455 Statii
1135 3406 1236 3469 oratio,
1253 3404 1299 3454 ubi

798 3485 825 3536 h.
839 3484 857 3534 l.
872 3487 1013 3556 expressit,
1025 3483 1110 3534 Theb.
1122 3484 1147 3547 I,
1162 3484 1213 3552 607
1224 3486 1299 3552 juve·

798 3583 845 3616 nes
861 3567 971 3616 Famam
987 3563 1136 3636 posthabita
1147 3562 1248 3632 faciles
1258 3581 1299 3614 ex·

798 3647 905 3697 tendere
913 3646 975 3696 rita.
986 3645 1049 3695 Esse
1060 3655 1149 3694 autem
1159 3644 1223 3695 bene
1230 3663 1298 3695 eme-

799 3736 826 3776 re
832 3764 840 3790 ,
854 3743 930 3795 aequo
940 3725 982 3775 vel
991 3724 1037 3773 viii
1046 3724 1125 3774 etiam
1135 3726 1223 3793 pretio
1232 3743 1298 3776 eme·

799 3820 842 3870 re,
864 3814 956 3854 notum
976 3815 1027 3864 est3
1053 3802 1145 3853 oculos'
1164 3820 1252 3874 oeqttos
1273 3822 1295 3853 v.

800 3902 853 3953 209
862 3901 918 3934 esse
929 3885 1074 3954 propitios,
1085 3885 1113 3933 in
1125 3896 1234 3952 promtu
1242 3901 1296 3936 esse

799 3963 1297 4034 debet.Moxv.213raptum,non,oc·

798 4047 895 4112 cisum,
920 4043 967 4097 sed
983 4056 1119 4114 ereptum,
1138 4043 1296 4096 subductum

798 4142 895 4197 corpus
916 4145 930 4180 e
949 4143 1058 4198 pugna:
1078 4137 1108 4176 nt
1129 4127 1206 4177 toties
1226 4122 1301 4198 apud-
