2700 4822
319 394 556 460 narinus
579 395 735 458 crena
758 396 820 460 tx.
1056 424 1094 490 19

49 522 164 588 Omnis
176 542 238 609 per
249 541 363 583 muros
375 519 477 605 legio,
490 520 603 582 sortita
615 519 791 606 periclum,

51 626 211 704 Excubat,
226 641 424 712 exercetque
435 625 538 702 vices,
552 624 644 711 quod
656 626 778 713 cuique
790 623 953 690 tuendum
966 645 1025 694 est
1055 643 1097 705 ης

93 733 192 794 Nisus
205 747 275 794 crat
288 746 393 816 portae
404 746 529 808 custos,
543 731 721 793 acerrimus
733 732 846 808 armis,

55 835 263 925 Hyrtacides,
275 835 432 899 comitem
444 836 554 897 AEneae
566 857 667 922 quern
679 835 812 898 miserat
826 834 884 900 lda

54 944 222 1021 venatrix,
231 941 344 1030 jaculo
356 940 499 1004 celerem
511 939 707 1028 levibusque
720 941 860 1027 sagittis,

56 1050 93 1113 Et
99 1050 194 1138 juxta
206 1069 319 1111 comes
331 1045 506 1134 Euryalus,
520 1068 588 1133 quo
601 1044 772 1132 pulchrior
782 1047 866 1110 alter

58 1239 89 1269 res
93 1239 205 1286 Juvenum
214 1223 239 1268 h.
248 1224 407 1276 Teucrorum,
420 1236 480 1284 quos
491 1219 628 1266 Mnestheus
639 1234 662 1266 et
672 1223 777 1266 Serestus
793 1223 837 1266 sub
848 1225 919 1284 siguis
929 1224 1059 1286 habeban13
1077 1247 1103 1277 ut

58 1296 121 1338 toties
131 1297 230 1355 jiweues
245 1308 289 1354 pro
305 1294 374 1346 vin's,
391 1289 517 1344 militibus,
535 1289 616 1344 turha,
635 1293 700 1336 etsie
710 1307 781 1352 porro
792 1291 848 1336 dicti
860 1309 994 1340 occurrunt.
1005 1323 1037 1333 —
1052 1302 1104 1360 ¹75·

59 1364 213 1426 Exercentque
224 1379 265 1425 qu.
282 1363 366 1407 Moret.
383 1362 511 1407 Succedunt
519 1363 653 1423 verruntque
661 1364 720 1406 vices
729 1379 752 1425 q.
763 1363 853 1409 Nouius
861 1363 988 1412 Marcellus
996 1370 1022 1412 in
1035 1372 1103 1426 uerri,

60 1447 177 1479 consutum
190 1450 218 1479 ex
228 1448 273 1479 vss.
285 1448 327 1478 ω
341 1446 363 1477 et
377 1433 427 1488 164.
438 1441 472 1477 est
483 1434 592 1477 omissum
608 1434 633 1476 in
642 1447 688 1476 sec.
706 1433 788 1477 llamh.
799 1459 830 1468 ·-
846 1437 947 1496 177.1de
961 1437 1044 1484 lieret.
1056 1457 1103 1487 sce.

60 1505 107 1547 Yda
121 1503 330 1564 bouill—178.
344 1502 427 1565 jaculis
442 1502 536 1548 Vratisl.
550 1500 660 1547 levibusve
678 1502 726 1548 duo
742 1506 821 1548 Burm.
834 1531 864 1540 -
881 1522 931 1568 ¹79·
946 1510 968 1552 lt
979 1512 1049 1572 juxta
1067 1528 1104 1573 pr.

59 1572 138 1619 lieret.
149 1575 238 1620 Verum
248 1574 280 1620 Et
282 1578 353 1636 juxta
363 1587 397 1620 est
408 1590 464 1636 pro,
474 1586 498 1619 et
507 1588 553 1618 uua
564 1588 618 1618 cam
627 1575 691 1634 ipso,
703 1568 762 1633 ὁμοῦ
768 1602 777 1627 ,
789 1569 830 1621 clv
842 1572 921 1638 αὐτῷ,
931 1591 981 1624 erat
990 1581 1016 1622 E.
1026 1581 1058 1626 Et
1066 1582 1107 1626 M.

59 1649 179 1708 sunjuxtn
193 1643 310 1704 Euryalus
321 1643 412 1706 aliquot
421 1647 482 1690 Pier.

61 1782 165 1857 dagogis
178 1788 297 1857 cogitant
313 1789 415 1857 intpp&
434 1798 496 1836 sunt
508 1785 557 1836 du·

61 1884 100 1918 ces
117 1867 241 1918 militum.
261 1869 296 1918 cf.
316 1869 378 1918 Ver.
397 1869 469 1917 Lect.
488 1884 556 1936 quos

60 1944 243 2018 designaverat
256 1948 353 1997 AEneas
371 1958 432 1996 aute
450 1946 557 2015 profec-

60 2027 157 2077 tionem
169 2026 205 2078 ad
215 2025 386 2088 Evandrum,
402 2027 423 2074 si
437 2023 501 2094 quid
514 2043 558 2074 ac-

60 2107 157 2159 cideret
170 2105 289 2171 adversi,
302 2105 375 2175 quod
385 2122 494 2176 operam
507 2106 558 2154 mi-

59 2189 160 2240 litarem
175 2187 332 2258 postularet.
346 2216 380 2224 —-
400 2183 456 2254 175.
474 2183 557 2249 vices,

60 2270 128 2340 quod
138 2266 312 2338 explicative,
329 2265 382 2316 hoc
396 2267 480 2334 magis
492 2263 559 2315 doc-

61 2361 113 2399 tum
126 2344 250 2416 adeoque
261 2347 413 2416 poeticum,
427 2362 506 2414 quam
519 2346 560 2394 iu·

63 2429 222 2500 terpretari:
241 2445 289 2497 per
311 2427 383 2476 vices
404 2436 509 2475 exercet
531 2423 560 2474 id

63 2509 133 2578 quod
140 2507 253 2573 etc.,vel
262 2519 366 2559 exercet
373 2507 443 2556 vices
451 2501 558 2569 urrici,

64 2602 192 2660 quantum
203 2587 236 2639 cvl
252 2587 279 2637 id
292 2598 408 2657 spectat,
424 2585 498 2655 quod
508 2597 558 2636 etc.

97 2666 253 2740 176—449.
264 2667 433 2716 Pervenimus
444 2683 515 2714 nunc
525 2662 560 2714 ad

63 2751 227 2823 episodium,
248 2745 363 2797 AEneidis
383 2747 501 2795 omnium
519 2745 561 2794 fa·

63 2833 110 2884 cile
122 2828 332 2888 nobilissimum,
345 2825 378 2876 de
390 2826 456 2875 Niso
469 2837 495 2876 et
506 2825 562 2874 Eu·

55 2912 149 2985 ryalo,
161 2911 238 2978 cujus
248 2907 365 2957 suavitas
373 2923 475 2956 summa
482 2905 563 2974 inpri-

65 2995 109 3043 mis
136 2988 173 3041 ad
202 3004 308 3038 sensum
335 2997 362 3035 et
392 2984 563 3035 affectionem

64 3050 185 3120 amicitie
201 3083 258 3117 sese
277 3064 368 3114 refert.
380 3060 432 3114 Sed
447 3080 564 3114 accesse-

65 3161 123 3200 runt
133 3158 174 3197 tot
188 3144 240 3196 alia
249 3142 404 3202 adanimos
416 3139 562 3192 movendos

64 3223 563 3293 accommodata:generosapucrorum

64 3306 180 3365 indoles,
194 3301 322 3373 praeclara
339 3299 426 3350 laudis
446 3299 562 3371 cupido,

65 3400 89 3437 et
108 3387 194 3436 virtus
211 3380 313 3431 nullam
327 3378 477 3430 mercedem
489 3398 564 3450 expe·

64 3474 134 3530 teus,
146 3467 208 3534 ipso
222 3461 296 3512 facto
309 3472 446 3520 contenta;
459 3479 564 3530 respec·
578 3487 582 3492 ·

63 3552 103 3596 tus
114 3540 231 3595 materni
240 3540 351 3601 amoris,
363 3556 393 3588 ac
403 3539 503 3607 pietas,
516 3539 565 3588 As-

65 3626 133 3676 canii
143 3621 233 3692 pueri,
244 3634 270 3670 et
281 3618 363 3669 Alete
373 3620 443 3669 senis
452 3618 566 3669 benevo-

64 3700 143 3756 lentia
154 3703 184 3752 in
192 3717 246 3752 eos.
256 3698 364 3770 Singula
372 3699 513 3768 explicare,
524 3699 566 3750 vel

65 3783 157 3836 saltem
168 3793 273 3841 notare,
283 3781 566 3851 magistrisjuventutis

66 3863 143 3916 facile
154 3863 223 3914 erit:
239 3860 286 3911 sed
303 3872 411 3911 utantur
428 3859 475 3909 tali
490 3859 566 3923 loco,

66 3938 567 4007 tuade0,adtentandas,etalliciendas

67 4036 168 4074 mentes
193 4019 411 4080 adolescentum,
434 4021 478 4088 qui
503 4019 567 4069 alias

68 4118 113 4154 eeu
122 4115 242 4166 nature,
260 4118 307 4153 seu
318 4101 490 4152 iustitutionis
502 4100 567 4151 vitio

606 1784 640 1835 ad
651 1797 792 1854 poetarum
802 1785 912 1838 delicias
925 1790 994 1840 callo
1007 1791 1109 1846 obduc-

605 1877 662 1914 tum
679 1865 798 1934 palatum
810 1865 919 1918 habent.
937 1870 1023 1935 Quem
1041 1892 1105 1924 vero

606 1965 640 1996 ne
658 1944 737 2014 hujus
759 1945 865 2017 quidem
888 1949 940 1999 loci
964 1951 1106 2007 dulcedine

607 2021 1108 2096 tactumvidcantjuveuem,cumomni

607 2102 713 2156 liberali
725 2104 868 2176 disciplina
887 2108 1024 2180 indignum
1035 2113 1109 2182 judi-

608 2196 676 2234 cent.
688 2185 824 2236 Diomedis
832 2200 858 2238 et
865 2189 965 2258 Ulyssis
974 2211 1108 2262 egressum

608 2276 768 2314 nocturnum
781 2284 812 2316 ex
823 2265 898 2317 lliad.
914 2288 928 2316 κ
944 2283 1029 2338 poetae
1046 2285 1108 2325 ante

609 2343 701 2394 oculos
712 2344 794 2394 fuisse
803 2363 856 2395 non
868 2345 976 2398 dubito:
985 2349 1109 2402 viderunt

608 2422 661 2473 hoc
667 2424 723 2491 jam
732 2435 835 2473 veteres
846 2446 852 2473 ε
865 2443 890 2475 v.
901 2425 1006 2478 Servius
1014 2429 1048 2480 ad
1058 2449 1083 2480 v.
1096 2448 1105 2482 ι

608 2502 664 2570 huj.
680 2502 742 2567 lib.,
762 2502 808 2554 sed
822 2505 895 2574 quod
908 2510 1004 2559 amoris
1023 2513 1109 2562 mutui

608 2584 736 2646 affectus,
754 2599 815 2633 mox
832 2597 917 2635 metus
933 2586 967 2638 de
981 2591 1109 2656 juvenum

608 2664 1112 2731 fortissimorumdiscrimine,tandem·

611 2761 663 2812 que
676 2744 810 2794 miseratio
823 2745 850 2793 in
863 2748 1043 2798 narrationem
1053 2748 1112 2798 illa·

611 2835 639 2874 ta
647 2822 760 2886 est,hoc
769 2825 1005 2888 Maronis,summi
1015 2840 1112 2898 poetae,

611 2906 718 2975 ingenio
731 2903 823 2955 deberi
836 2904 951 2957 videtur.
965 2909 1051 2959 Etiam
1065 2927 1112 2960 ac·

613 3001 702 3035 cessus
722 2997 748 3035 et
766 2987 893 3036 transitus
914 2987 948 3037 ad
964 2988 1113 3058 episodium

611 3064 678 3115 lenis
689 3078 728 3115 est
739 3078 764 3115 et
777 3066 896 3136 simplex.
907 3067 1003 3139 Egerat
1014 3068 1047 3119 de
1057 3085 1115 3119 cus-

611 3142 691 3193 todiis
705 3157 730 3194 et
743 3145 873 3205 excubiis3
887 3159 926 3196 est
941 3148 1009 3198 iniis
1022 3149 1111 3199 Nisus.

611 3225 699 3274 Unum
721 3235 760 3274 est
783 3223 856 3294 quod
879 3225 971 3294 paullo
996 3230 1113 3278 severior

612 3301 708 3371 aliquis
718 3303 800 3371 judex
811 3304 1028 3373 reprehenderit,
1040 3306 1114 3376 quod

613 3383 1114 3456 adcarminissummamepisodiinulla

612 3465 651 3512 vis
664 3477 689 3514 et
703 3465 816 3515 effectus
829 3477 876 3516 est.

653 3542 709 3610 176.
723 3543 816 3591 Nisum
828 3545 935 3611 Hyrtaci
948 3542 1031 3594 filium
1041 3539 1114 3614 fecit,

613 3630 730 3683 tantum,
752 3632 832 3689 puto,
854 3621 926 3690 quod
948 3625 1114 3677 exflomero

614 3711 707 3750 notum
723 3713 779 3749 erat
792 3718 903 3765 nomen,
916 3719 940 3752 v.
956 3723 978 3754 c.
992 3704 1068 3757 lliad.
1081 3708 1099 3766 β
1107 3746 1115 3768 ,

617 3778 681 3848 837,
691 3780 750 3832 838.
762 3781 839 3831 Idam
846 3795 957 3834 matrem
969 3802 1025 3837 esse
1037 3788 1117 3859 Nym·

616 3859 698 3930 pham
723 3860 873 3912 hahendam
906 3866 963 3934 quis
992 3865 1118 3918 dubitet?

616 3940 723 4010 Euryali
736 3953 839 4010 patrem
856 3945 926 3994 iufra
944 3962 981 3994 vs.
997 3963 1043 3997 aor
1062 3945 1116 3998 edit

616 4021 763 4090 Ophelten,
782 4041 878 4075 nomen
897 4044 911 4076 e
927 4024 1060 4078 Thebanis
1076 4028 1117 4079 fa·

615 4099 686 4150 bulis
703 4113 803 4150 noturu.
1069 4125 1071 4129 ’

919 4207 943 4240 2.
