2700 4822
255 401 295 466 38
501 398 534 460 P.
559 394 792 458 VIRGILll
816 393 1050 460 Minonis

256 503 332 586 Haec
345 519 443 609 rapit,
457 535 556 607 atque
568 516 715 581 humeris
727 513 953 603 nequidquam
967 514 1109 580 fortibus
1119 530 1219 604 optat.

253 628 341 692 Tum
354 627 478 715 galeam
490 624 635 712 Messapi
646 622 806 699 habilem,
820 621 993 709 cristisque
1006 620 1160 687 decoram
1256 634 1301 682 ³65

253 733 384 797 Induit:
399 729 562 796 excedunt
575 730 701 807 castris,
716 745 749 792 et
760 743 831 791 tuto
843 743 1028 815 capessunt.

296 841 425 903 Interea
437 837 596 926 praemissi
609 836 737 947 eqrites
750 855 789 898 ex
801 832 883 896 urbe
897 823 1027 912 Latina,

252 948 368 1010 Cetera
383 943 463 1007 dum
475 944 562 1031 legio
574 942 697 1030 campis
710 941 868 1005 instructa
880 956 1041 1019 moratur,

252 1050 361 1129 Ibant,
376 1066 408 1112 et
419 1051 535 1112 Turno
548 1049 634 1136 regis
646 1068 805 1135 responsa
817 1045 982 1124 ferebant,

249 1237 315 1296 potiti
325 1233 433 1278 Heinsius
444 1232 551 1280 eMedie.
563 1245 697 1294 receperat:
707 1232 772 1296 quod
781 1231 868 1278 laetum
877 1229 976 1287 nollem;
989 1241 1023 1277 est
1033 1232 1095 1277 euim
1104 1230 1186 1276 vitium
1195 1227 1302 1288 librarii,

251 1320 298 1350 non
306 1303 384 1349 lectio.
397 1303 451 1348 Post
458 1316 555 1349 mortem
564 1302 668 1358 Remuli,
680 1315 765 1366 nepote
774 1305 798 1349 in
806 1301 887 1365 praelio
894 1317 964 1357 caeso,
975 1300 1047 1348 balteo
1055 1298 1093 1346 illo
1099 1301 1168 1363 potiti
1176 1301 1302 1346 erantllu-

251 1375 308 1430 tuli,
320 1374 490 1437 lllramnetique
507 1375 573 1420 illum
581 1410 587 1430 ,
595 1374 632 1421 vel
640 1376 665 1421 in
675 1375 757 1438 pradae
768 1387 847 1436 parte,
858 1372 928 1420 velut
939 1370 1033 1433 ipss-sier
1044 1364 1165 1419 dederant.
1174 1365 1224 1416 lloe
1231 1384 1303 1433 poeta

252 1446 321 1493 ellert
332 1464 337 1493 :
349 1446 427 1491 balteo
440 1449 526 1510 potitos
539 1463 588 1494 esse
599 1446 696 1493 liutulos
713 1445 770 1493 bello
784 1461 903 1512 puqnaqne
913 1446 983 1491 :ttae
995 1461 1055 1507 saepe
1065 1446 1143 1508 jungit
1155 1453 1236 1489 noster
1247 1459 1302 1488 cum

252 1515 315 1570 aliis,
327 1528 353 1561 nt
366 1516 479 1562 llomerus
491 1516 586 1578 πολέμῳ
598 1532 623 1562 τε
639 1513 713 1578 μάχῃ
727 1532 762 1562 rrs.
780 1526 872 1562 mortem
887 1530 1029 1581 pupnamque
1038 1514 1120 1560 dubito
1132 1527 1162 1561 sn
1173 1527 1240 1575 reque
1250 1527 1302 1557 am-

251 1586 384 1651 plectantur
395 1601 478 1650 poetae.
490 1589 612 1651 predaque
628 1591 693 1650 potiti
708 1590 774 1634 Rom.
784 1589 851 1634 Voss.
865 1599 887 1633 et
898 1604 942 1650 pro
953 1604 1001 1633 var.
1014 1586 1068 1633 lect.
1082 1585 1166 1631 llloret.
1179 1594 1233 1628 tert.
1245 1597 1300 1628 cum

252 1658 321 1704 Goth.
334 1674 393 1714 see,
407 1661 474 1704 etsie
487 1659 524 1705 ed.
537 1658 588 1705 Ald.
605 1658 662 1715 riri
673 1675 701 1704 ex
712 1660 821 1721 Naugerii
832 1657 1007 1713 emendatione,
1021 1673 1119 1721 quasque
1128 1655 1184 1701 bine
1198 1653 1300 1708 fluxere;

251 1727 372 1772 manifeste
384 1730 509 1790 repetitum
520 1728 561 1772 int.
576 1745 602 1774 cr
613 1744 645 1774 vs.
661 1727 713 1784 450.
725 1731 743 1772 A
754 1728 912 1774 benedictinis
928 1727 1046 1774 monacbis
1066 1728 1154 1785 (Noun.
1167 1727 1207 1770 Tr.
1218 1723 1246 1767 de
1255 1721 1298 1766 Di·

250 1794 460 1860 plomanqneTom.
478 1798 520 1850 lll,
535 1813 558 1859 p.
573 1799 613 1842 152
629 1799 695 1860 sqq.)
708 1797 848 1843 describitur
865 1798 939 1843 codex
955 1799 1092 1859 rescriptas,
1110 1797 1193 1857 inquo
1203 1791 1259 1837 lolia
1271 1807 1299 1836 ex

250 1870 329 1913 ¹vetere
348 1868 412 1928 Aspri
425 1866 523 1928 Virgilio
540 1867 685 1930 deprehensa
704 1880 765 1913 sunt.
785 1868 891 1913 Laudant
909 1867 966 1914 ibid.
983 1854 1109 1914 variantem
1128 1863 1254 1910 lectionem
1270 1876 1298 1906 ex

250 1937 363 2001 AEneide:
378 1935 497 2001 modisque
512 1942 579 2000 potiti
592 1955 636 2000 pro
651 1939 773 2002 praedoque
791 1955 827 2000 p.,
849 1953 918 2000 quam
928 1939 957 1983 ad
966 1937 990 1983 b.
1002 1938 1018 1983 l.
1032 1949 1137 1999 spectare
1148 1947 1244 1980 neeesse
1257 1942 1297 1977 est·

249 2008 356 2052 Ceterum
370 2009 394 2050 in
406 2009 598 2068 interpretatione
609 2009 656 2054 loci
669 2024 761 2070 magnas
772 2008 850 2054 turbas
861 2008 938 2053 fecere
950 2021 1040 2053 veteres
1049 2002 1242 2068 interpr-erenri-
1250 1999 1296 2046 lul·

250 2077 328 2124 Sabin.
339 2077 424 2123 Donat.
437 2077 484 2123 Sed
500 2076 628 2123 ads'eribam
639 2081 712 2125 Servii
722 2079 792 2125 verba
804 2095 808 2123 :
820 2087 987 2140 postmortem,
999 2079 1089 2141 inquit,
1100 2073 1185 2121 aanor
1197 2069 1297 2126 Remuli,

249 2149 372 2194 secunlum
387 2164 456 2209 supra
470 2150 553 2193 (lictum
562 2165 665 2205 s·nsnm,·
678 2167 731 2195 nam
740 2151 843 2196 Donatus
852 2151 907 2196 dicit
915 2167 923 2195 .·
935 2152 990 2197 Post
998 2158 1091 2195 mortem
1100 2148 1152 2192 Nisi
1159 2153 1182 2190 et
1190 2141 1299 2202 Euryali,

249 2218 307 2265 bello
315 2223 380 2281 potiti
388 2229 441 2264 sunt
450 2218 530 2264 nunti
539 2221 600 2278 (hac
611 2224 642 2277 is,
655 2238 725 2284 quem
737 2238 801 2266 nune
810 2224 927 2267 Donatum
937 2222 1028 2276 ferunt,
1040 2219 1179 2273 nonhabet,
1189 2216 1232 2263 sed
1241 2229 1299 2260 eon·

246 2292 340 2336 trariam
353 2292 568 2352 interpretationem
581 2293 662 2352 affert)
674 2309 679 2338 :
692 2295 753 2357 quod
761 2309 806 2337 nnn
814 2295 926 2356 procedit,
938 2297 958 2339 si
973 2292 1090 2357 dilr’qenter
1105 2291 1229 2348 adunus„
1239 2287 1296 2331 Sane

247 2361 374 2417 sciendum,
389 2359 532 2408 berenhem
547 2379 595 2408 esse
612 2380 682 2408 annm
697 2365 724 2410 de
740 2366 790 2410 ΧΠ
801 2364 856 2423 (alii
867 2367 933 2424 xln)
954 2363 1054 2429 Virpilir',
1075 2361 1129 2409 sive'
1135 2377 1176 2425 per
1191 2367 1297 2404 naturam

248 2432 360 2487 obscuris,
373 2436 418 2478 sive
429 2432 593 2489 insolubilibus,
607 2439 652 2480 sine
667 2436 825 2480 emendandis:
840 2438 885 2480 sive
897 2433 1034 2491 sirmiensis,
1046 2444 1093 2481 uta
1103 2433 1166 2481 noln's
1172 2446 1216 2495 per
1227 2428 1297 2475 bisto-

248 2507 289 2548 rr'ae
297 2506 396 2567 antequa*
409 2507 555 2568 ipnorantiam
568 2503 649 2569 liquide
665 2522 710 2552 non
726 2504 885 2570 intellipantur.
897 2508 960 2551 Bene
972 2507 1093 2552 nobiseum
1106 2516 1182 2550 aetum
1195 2510 1266 2555 esset,
1279 2499 1297 2544 si

249 2574 329 2620 nullus
334 2574 399 2621 locus
404 2577 525 2622 obscurior
530 2590 553 2623 et
559 2577 678 2622 difficilior
683 2578 933 2623 occurreret!blortem
938 2576 1035 2637 Euryali
1041 2578 1079 2623 alii
1085 2573 1298 2627 intellexeramu-

206 2694 210 2700 ,
249 2660 295 2708 que
304 2646 331 2689 iis
338 2645 463 2705 Cuningh,
472 2656 520 2691 toto
527 2645 572 2691 loci
581 2662 650 2692 sensu
657 2649 731 2693 inciso
739 2660 762 2693 et
770 2661 858 2692 everso.
866 2649 958 2692 Frustra
966 2647 1092 2692 turbatum.
1099 2643 1160 2690 Vide
1167 2644 1297 2688 Natam.-

247 2716 301 2761 365.
316 2719 450 2779 criswnaque
467 2716 525 2762 alter
538 2718 664 2778 llamburq.
678 2744 707 2752 -
720 2718 774 2763 366.
787 2727 883 2763 etscula
897 2734 918 2763 c.
935 2715 1005 2763 Gotlr.
1019 2729 1072 2764 tert.
1085 2743 1116 2753 -
1128 2714 1180 2775 369.
1193 2715 1241 2778 reqi
1252 2724 1299 2758 tres

247 2786 339 2838 Berm,
360 2784 401 2830 sed
419 2787 436 2830 ii
454 2789 622 2841 recentissimi,
643 2790 724 2833 Franc.
738 2790 793 2848 Req.
807 2801 829 2834 et
841 2787 939 2833 Dorvill.
959 2789 1112 2834 Consentiunt
1123 2798 1170 2831 tres
1182 2783 1296 2837 Gothum,

249 2854 291 2900 sed
300 2856 341 2917 qni
350 2869 393 2899 nec
403 2856 497 2915 majoris
505 2858 575 2917 pretii
585 2869 647 2901 sunt.
656 2861 703 2921 reqi
711 2861 788 2902 Turno
794 2874 830 2918 pr.
839 2857 935 2911 Hamb.;
945 2856 1005 2909 sorte
1013 2856 1108 2910 melius,
1120 2855 1283 2917 iuquitliurm.
1289 2867 1299 2907 ¹,

250 2940 304 2969 nam
316 2925 410 2969 Latinus
420 2924 527 2971 mandata
536 2927 591 2971 dare
600 2941 648 2970 non
657 2929 747 2989 potuit,
759 2929 800 2989 qui
807 2925 849 2970 lib.
858 2926 913 2980 vn,
924 2925 982 2981 tot»,
992 2927 1065 2988 Sepsit
1072 2940 1096 2970 se
1107 2926 1168 2969 tetus
1178 2935 1297 2985 rerumque

248 2994 340 3058 reliquit
353 2993 459 3039 habenas.
471 2998 576 3042 Attamen
587 2997 625 3042 vel
637 3000 668 3043 sic
681 3000 805 3061 quaritur,
818 3015 830 3042 a
843 3013 945 3060 quonam
956 3012 1065 3059 responsa
1077 2995 1122 3041 lata
1134 2994 1239 3040 luerint?
1251 2994 1296 3037 La·

249 3068 324 3111 tinum
336 3083 373 3113 res
385 3082 432 3110 non
445 3069 475 3112 ita
487 3067 631 3124 destituisse,
650 3086 697 3131 qno
710 3071 786 3115 minus
798 3071 826 3114 iis
835 3081 915 3130 postea
923 3070 1147 3121 iteruminteresset,
1162 3082 1191 3111 ex
1200 3063 1243 3110 lib.
1253 3065 1296 3117 xl,

249 3135 290 3182 a31
307 3153 341 3201 sq.
355 3139 408 3182 satis
420 3152 523 3200 apparet.
537 3141 567 3185 el.
580 3142 644 3187 Serv.
657 3141 688 3185 ad
697 3159 718 3187 v.
730 3142 783 3203 367.
796 3140 863 3185 ldem
873 3139 935 3185 bene
947 3139 977 3185 ad
987 3156 1010 3186 v.
1024 3138 1069 3200 369
1081 3135 1220 3184 [nomnibus
1236 3134 1296 3182 bonis

250 3313 285 3346 arr
300 3293 368 3357 ἔχειν.
380 3294 437 3344 ddrn
453 3293 524 3362 φέρειν
541 3299 649 3350 Homer.
660 3299 746 3369 simpl.
797 3299 950 3350 narratione
971 3296 1162 3368 intelliguntur.
1185 3295 1295 3346 Praeces-

250 3373 333 3426 dedit.
344 3405 378 3413 -
390 3376 450 3442 364.
466 3378 641 3450 nequicquam
659 3388 745 3450 aptat,
797 3390 867 3429 serat
876 3378 981 3428 Turnus
990 3396 1050 3428 cum
1058 3374 1181 3446 expedito
1192 3375 1296 3446 agmine

250 3471 304 3503 non
317 3454 460 3516 fruiturus;
473 3468 502 3504 ut
515 3455 603 3518 Serv.;
617 3471 682 3527 puta
694 3474 748 3507 res·
798 3457 833 3508 ed
849 3469 937 3511 eastra
950 3458 1127 3526 Trojanorum
1142 3468 1295 3525 expugnan-

248 3545 329 3603 pectu
342 3531 514 3599 calamitatis,
533 3555 612 3605 quam
626 3548 748 3606 acceptu·
798 3534 840 3587 da.
855 3537 959 3588 lnterea
968 3537 996 3586 in
1003 3534 1069 3586 urbe
1077 3534 1239 3584 Laurentum
1252 3549 1296 3583 co-

170 3644 172 3650 .
247 3629 292 3661 rus
305 3623 359 3676 est,
379 3610 441 3662 dum
455 3628 507 3682 'per
526 3634 585 3665 eum
605 3614 747 3686 impedltus
797 3630 895 3689 guntur
903 3619 993 3688 eopiae.
1001 3615 1043 3666 Ad
1051 3633 1142 3667 earum
1153 3612 1296 3666 adventum

248 3689 370 3761 proditur
380 3708 447 3741 vers.
457 3690 516 3756 384.
527 3691 649 3761 habilem,
659 3708 748 3763 aptam
798 3695 1001 3748 accelerandum
1015 3697 1123 3746 miserat
1140 3694 1248 3744 Turnus
1263 3691 1295 3743 ed

248 3769 344 3838 eapiti3
358 3785 413 3819 esse
426 3768 531 3819 videtur
541 3772 712 3823 llomerieum
724 3767 750 3823 ni
797 3794 885 3848 regem
895 3774 1016 3826 Latinum
1028 3796 1034 3822 ι
1048 3792 1064 3823 n
1077 3791 1145 3844 quo,
1154 3770 1219 3824 duni
1227 3785 1296 3824 cete·

250 3847 369 3917 ἀραρυῖαν.
384 3850 455 3898 conf.
468 3867 525 3918 sup.
541 3850 574 3899 ad
587 3852 613 3914 1,
629 3852 689 3903 318.
796 3872 830 3905 rae
843 3855 926 3924 copias
938 3855 1118 3918 instruuntur,
1127 3854 1293 3924 premittun-

284 3927 344 3994 367.
355 3944 412 3996 sqq.
428 3928 531 3977 Interea
539 3928 665 3997 praemissi
674 3931 748 4001 eqni·
796 3934 957 3984 turtreeenti
970 3935 1080 4003 equites.
1094 3932 1124 3982 ln
1135 3931 1186 3983 hos
1202 3934 1292 4003 ipsos,

250 4019 285 4059 tes
295 4026 326 4057 ex
337 4006 409 4070 urbe,
419 4019 468 4057 ete.
480 4006 611 4059 Subtieuit
620 4022 701 4080 poeta
708 4029 748 4061 sa·
796 4011 859 4062 dum
871 4012 904 4063 ad
914 4024 1002 4063 castra
1012 4012 1246 4083 appropinquant,
1256 4012 1292 4061 in·

247 4089 352 4157 pienter
377 4085 519 4152 nonnulla,
547 4105 604 4157 quae
635 4106 665 4139 ex
688 4089 747 4160 ipsa
796 4089 888 4143 sidunt
905 4093 994 4144 miseri
1011 4092 1091 4144 Nisus
1110 4100 1136 4142 et
1154 4086 1289 4163 Euryalus.
