2700 4822
325 394 563 461 assinos
585 395 739 461 trena
762 396 824 463 rx.
1051 398 1098 473 st·
1123 374 1132 475 ’.

50 518 140 586 Vina
148 520 250 586 simul
261 544 269 583 ε
282 522 374 608 prior
386 521 580 610 Hyrtacides
591 523 638 586 sic
650 545 707 586 ore
720 524 849 590 locutus
861 549 868 588 :

56 629 239 718 «Euryale,
252 625 445 691 audendum
457 625 585 706 dextra3
598 651 687 692 nunc
699 629 770 717 ipsa
781 648 876 695 vocat
887 656 949 698 res.
1051 649 1096 696 320

55 733 127 797 Hac
137 733 202 797 iter
212 749 281 796 est:
293 748 345 808 tu,
358 753 401 794 ne
413 755 479 820 qua
491 754 607 796 manus
619 755 655 796 se
666 732 827 799 adtollere
838 737 933 802 nobis

50 840 83 902 A
92 855 187 926 tergo
198 837 316 926 possit,
329 836 473 916 custodi,
488 853 521 901 et
532 839 667 902 consule
679 838 786 926 longe.

55 945 137 1008 Haec
148 966 211 1031 ego
221 960 313 1006 vasta
324 941 425 1021 dabo,
439 960 472 1005 et
483 941 549 1005 lato
561 960 594 1006 te
605 944 709 1007 limite
721 943 877 1009 ducam.»

49 1050 107 1115 Sic
117 1064 296 1125 memorat,
308 1070 494 1136 vocemque
506 1049 640 1135 premit;
654 1050 751 1113 simul
763 1075 841 1116 ense
853 1055 1034 1142 superbum

54 1153 275 1218 Rbamuetem
286 1151 491 1239 adgreditur,
505 1154 562 1240 qui
575 1155 661 1217 forte
673 1156 837 1241 tapetibus
848 1159 921 1224 altis
1054 1156 1099 1225 323'

56 1261 249 1324 Exstructus
261 1273 331 1321 toto
343 1256 505 1345 proflabat
515 1274 650 1345 pectore
662 1282 832 1341 somnum;

56 1368 126 1428 Rex
136 1365 241 1443 idern,
252 1381 288 1428 et
300 1364 369 1450 regi
380 1365 497 1426 Turno
510 1364 712 1449 gratissimus
724 1388 847 1452 augur:

58 1470 120 1534 Sed
133 1493 201 1533 non
212 1470 353 1555 augurio
364 1470 473 1555 potuit
485 1467 653 1554 depellere
664 1487 802 1556 pestem.

59 1577 131 1640 Tris
138 1577 234 1665 juxta
245 1573 385 1638 famulos
398 1590 523 1636 temere
535 1574 621 1639 inter
632 1576 696 1638 tela
704 1576 857 1664 jacentis,

62 1681 334 1768 Armigerumque
345 1679 440 1741 Remi
452 1680 588 1765 premit,
601 1680 815 1769 aurigamque
829 1683 891 1747 sub
904 1686 982 1774 ipsis
1056 1705 1101 1753 330

62 1789 179 1852 Nactus
192 1785 303 1874 equis,
316 1784 471 1871 ferroque
483 1800 571 1847 secat
582 1784 763 1871 pendentia
775 1788 874 1868 colla;

64 1998 104 2043 telo
113 2016 133 2043 r.
143 1996 236 2059 aliquot
248 1995 313 2057 apud
322 1997 385 2040 Pier.
397 2019 429 2030 -
440 1994 493 2040 320.
506 1996 635 2041 audendum
646 2004 679 2041 est
698 1989 745 2042 dno
763 1998 842 2043 Burni.
854 2014 906 2043 cum
925 1999 993 2046 Goth.
1006 2013 1059 2049 tert.
1073 2032 1105 2041 -

60 2069 108 2114 323.
119 2068 214 2114 vastabo
225 2066 293 2112 multi
310 2068 371 2112 Pier.
384 2080 408 2112 et
418 2068 512 2122 Heius,
531 2068 672 2130 interpolate
685 2080 747 2114 etex
759 2071 968 2130 interpretatione:
987 2074 1041 2119 dare
1059 2093 1102 2138 pro

52 2140 130 2200 jacere
142 2141 266 2202 exquisite.
285 2147 346 2183 recto
365 2147 385 2182 te
404 2136 472 2182 limite
482 2139 586 2184 Macrob.
599 2140 619 2182 V
631 2142 677 2185 Sat.
690 2156 717 2201 9,
734 2141 822 2202 quoda
834 2158 859 2185 re
878 2141 987 2188 alienum.
1000 2147 1045 2191 Sed
1058 2145 1104 2192 lata

61 2216 106 2266 υἷα,-
117 2228 172 2257 nam
184 2224 271 2272 strages
282 2209 329 2256 late
342 2211 403 2254 facta
417 2210 542 2255 indicatur.
555 2212 617 2256 conf.
631 2213 663 2267 X,
677 2211 722 2267 5¹4
733 2224 756 2256 et
768 2211 791 2256 h.
804 2211 820 2256 l.
834 2214 958 2258 Burmann.
970 2215 1056 2272 limine,
1071 2217 1105 2264 lu·

61 2289 129 2341 mitte,
148 2297 172 2330 et
183 2283 223 2328 hie
238 2281 329 2344 aliquot
340 2283 471 2336 fleiasiani,
493 2298 546 2326 cum
564 2282 626 2327 binis
645 2282 715 2327 Goth.
726 2308 757 2318 -
769 2282 822 2337 324.
840 2285 948 2347 superbus
967 2289 1106 2335 emendabat

61 2355 168 2402 Waddel.
179 2354 304 2401 Animadv.
317 2355 368 2398 crit.
381 2370 404 2415 p.
420 2354 461 2409 283
473 2353 547 2408 male,
559 2353 625 2399 addit
634 2354 793 2410 Burmannus,
806 2369 893 2417 tapetes
909 2361 970 2403 enim
989 2361 1012 2403 in
1026 2363 1105 2407 castris

62 2424 157 2481 habere,
182 2423 279 2486 superbi
296 2437 337 2469 est.
350 2446 382 2457 —-
394 2423 446 2468 326.
467 2425 589 2469 Exstratus
607 2436 659 2468 tert.
680 2423 778 2470 Mentel.
798 2426 921 2470 Extractus
939 2427 1055 2473 Rulinian.
1075 2424 1108 2476 de'

62 2496 173 2542 Schemat·
191 2496 247 2540 Lex.
267 2511 291 2556 p.
310 2494 367 2554 259,
382 2494 447 2555 quod
458 2495 612 2540 Ruhnltenius
624 2496 652 2537 V.
665 2496 691 2539 C.
704 2511 732 2539 er
743 2495 785 2539 illo
796 2509 876 2540 natum
888 2501 984 2544 notavit.
995 2498 1107 2560 perflabat

62 2566 154 2628 plurimi
165 2565 235 2611 codd.
255 2577 279 2610 et
298 2565 334 2610 ed.
348 2566 407 2610 Ven.
418 2581 442 2628 p.
462 2569 539 2610 omum
551 2581 597 2611 sec.
610 2567 695 2611 Moret-
710 2592 741 2600 -
755 2566 807 2628 3²7·
820 2568 857 2611 Jo.
870 2567 991 2614 Schrader.
1011 2572 1105 2617 emend.

62 2639 117 2694 dux,
135 2653 166 2683 ne
186 2637 266 2700 plures
281 2636 420 2682 Rutulorum
437 2654 503 2699 reges
519 2640 581 2684 sint:
597 2649 630 2682 est
642 2640 704 2683 enim
716 2638 831 2683 Rhamnes
844 2654 871 2684 er
883 2640 975 2686 Rutulis
991 2642 1033 2686 inf.
1051 2642 1105 2687 303:

62 2708 184 2755 Enimvero
193 2709 244 2752 Rex
252 2707 381 2763 Rhamnes,
393 2707 493 2753 heroicae
503 2711 575 2753 aetatis
585 2724 662 2760 more,
678 2706 740 2769 ἄναξ
745 2739 753 2761 ,
766 2720 826 2754 unus
836 2725 848 2754 e
858 2711 1043 2772 principibus-
1053 2712 1105 2758 3282

62 2780 159 2841 aaqurit's
171 2776 276 2822 Macrob.
289 2788 312 2822 et
324 2775 401 2821 Schol.
415 2779 481 2822 Statii
493 2793 530 2839 ap.
543 2778 622 2823 Heins.
635 2780 721 2822 Deerat
732 2793 812 2823 versus
822 2778 890 2823 Goth.
903 2791 954 2824 tert.
967 2805 999 2814 -
1011 2781 1063 2842 329.
1076 2785 1107 2827 ia·

63 2856 93 2892 ter
104 2848 154 2895 lora
165 2847 272 2894 Parthas.
285 2864 337 2893 eum
350 2848 462 2893 Romano.
475 2849 505 2893 cf.
518 2873 549 2883 -
561 2849 613 2894 318.
625 2853 682 2893 inter
691 2865 755 2893 arma
766 2849 836 2894 Goth.
850 2862 902 2894 tert.
916 2876 948 2885 -
962 2851 1014 2896 330.
1025 2857 1108 2914 premit

61 2915 137 2962 alens
148 2930 203 2963 aute
214 2919 276 2963 Pier.
286 2916 386 2972 lectum,
405 2920 478 2964 invito
491 2921 559 2963 etiam
569 2931 651 2964 metro.
664 2921 759 2963 Remum
770 2918 869 2963 Dorvill.
882 2937 894 2964 a
907 2936 938 2963 m.
951 2936 1010 2975 seo,
1025 2923 1107 2984 sicque

62 2985 148 3032 dudum
167 2989 218 3049 ipse
236 2987 316 3033 malui.
335 2989 402 3032 Nunc
414 2988 496 3042 video,
511 2991 581 3033 etiarn
592 2991 629 3032 Jo.
642 2988 795 3033 Schraderum
808 2991 839 3033 ita
852 2990 987 3049 conjecisse.
1000 2991 1058 3035 Nam
1070 2994 1107 3052 ogi

62 3059 158 3106 arbitror
169 3060 202 3104 de
213 3075 262 3106 uno
274 3059 401 3106 Rhamnete
414 3077 469 3122 rege
481 3072 505 3107 et
516 3076 611 3122 augure.
624 3063 693 3106 Juxta
705 3060 768 3105 hunc
778 3074 824 3106 tres
833 3061 927 3115 famuli,
940 3065 1051 3123 armiger,
1064 3079 1108 3107 an-

63 3132 120 3193 riga,
141 3130 239 3177 tandem
254 3133 305 3193 ipse
323 3131 453 3186 Rhamnes,
471 3133 574 3178 interimi
592 3133 709 3178 videntur.
721 3131 817 3177 -331.
836 3135 940 3178 Nanctus
955 3132 1051 3178 Mentel.
1069 3149 1110 3194 pr,

63 3301 172 3356 Statium
204 3316 368 3369 occurrant,
390 3300 560 3358 'observante
609 3327 675 3360 voce
685 3305 904 3378 pressa-325.
922 3307 981 3357 326.
1000 3319 1106 3370 ornate,

63 3385 222 3436 Bur-manno.
237 3402 297 3434 mox
309 3385 390 3450 vina,
406 3404 471 3437 vasa
489 3388 559 3450 vini,
611 3387 836 3439 dortaverbororn
847 3387 1046 3447 immutatione,
1057 3402 1108 3453 pro

64 3465 170 3517 athene
182 3463 255 3516 Serv.
609 3467 729 3537 vulgari*⁸
745 3466 772 3516 io
786 3464 913 3534 tapetibus
923 3461 975 3511 alte
987 3463 1109 3513 extractis¹

94 3544 481 3615 321.AnteitNisus:Euryalo
491 3563 561 3595 man·
612 3547 664 3616 ipse
681 3545 812 3594 Rhamnes
829 3542 961 3612 proflabat
977 3559 1106 3591 somnum.

63 3620 121 3687 dat,
131 3636 165 3672 ut
177 3634 305 3692 sequatur
312 3636 343 3674 et
356 3643 371 3674 a
388 3635 461 3695 tergo
472 3627 561 3675 omnia
609 3627 699 3675 Posuit
710 3635 795 3673 autern
808 3634 909 3690 tapetes
920 3639 969 3690 pro
982 3620 1108 3690 pulvinis,

64 3713 118 3755 tuta
136 3716 260 3773 praestet:
274 3703 396 3768 consule,
418 3707 542 3775 prospice
553 3742 561 3769 ,
612 3706 658 3773 qui
669 3702 803 3772 tapetibus
811 3702 914 3751 instrati
924 3713 993 3751 sant.
1003 3731 1036 3738 -
1046 3702 1107 3770 3²7·

65 3783 323 3851 provide.v.Burm.
340 3783 375 3834 ad
391 3783 562 3848 Val.³Fl.lll,
613 3783 672 3834 328.
697 3780 799 3832 Praeivit
823 3782 952 3832 Homerus
976 3779 1051 3832 lliad.
1073 3781 1109 3848 β,

66 3861 104 3914 38.
117 3873 190 3914 vasta
200 3863 263 3913 dare
273 3881 323 3932 pro
336 3864 563 3925 fucere,vastare.
614 3860 674 3913 858.
689 3860 748 3932 859.
1037 3896 1045 3922 ,

67 3957 150 3990 uocem
160 3942 278 4012 premit:
293 3953 339 3991 aut
356 3941 488 3992 submissa
498 3958 564 3990 voce
649 3939 805 4009 329—334.
822 3941 933 3990 Remum
951 3936 1049 4007 (quem
1067 3955 1110 3986 ex·

67 4015 201 4088 loquitur,
224 4033 271 4072 aut
290 4033 379 4085 tacet,
399 4023 486 4089 inquit
506 4019 565 4070 Ser·
614 4036 703 4087 presse
715 4037 770 4069 non
787 4018 941 4088 nominat),
961 4035 1020 4068 cum
1035 4017 1110 4065 trinis

69 4100 283 4160 ¹tius-Praeleram
294 4103 566 4173 prius:sicmemorat
613 4099 729 4164 famulis,
738 4099 847 4168 ejusque
860 4098 1017 4166 armigerum
1028 4090 1111 4163 (qu
1149 4102 1150 4105 ’

136 4187 163 4255 4,
361 4213 368 4224 ,
916 4184 931 4235 3
